%YAML 1.1
%TAG !u! tag:unity3d.com,2011:
--- !u!114 &4689258265518488821
MonoBehaviour:
  m_ObjectHideFlags: 0
  m_CorrespondingSourceObject: {fileID: 0}
  m_PrefabInstance: {fileID: 0}
  m_PrefabAsset: {fileID: 0}
  m_GameObject: {fileID: 8813067054356074497}
  m_Enabled: 1
  m_EditorHideFlags: 0
  m_Script: {fileID: 11500000, guid: 739d2e71dc8619447a937055a23b3f33, type: 3}
  m_Name: 
  m_EditorClassIdentifier: 
--- !u!135 &5372529445523585763
SphereCollider:
  m_ObjectHideFlags: 0
  m_CorrespondingSourceObject: {fileID: 0}
  m_PrefabInstance: {fileID: 0}
  m_PrefabAsset: {fileID: 0}
  m_GameObject: {fileID: 5172092030495612433}
  m_Material: {fileID: 0}
  m_IsTrigger: 1
  m_Enabled: 1
  serializedVersion: 2
  m_Radius: 0.5
  m_Center: {x: 0, y: 1.37, z: 0}
--- !u!114 &7161877914869730258
MonoBehaviour:
  m_ObjectHideFlags: 0
  m_CorrespondingSourceObject: {fileID: 0}
  m_PrefabInstance: {fileID: 0}
  m_PrefabAsset: {fileID: 0}
  m_GameObject: {fileID: 5172092030495612433}
  m_Enabled: 1
  m_EditorHideFlags: 0
  m_Script: {fileID: 11500000, guid: 83327bf85a7691f41ba8df7aeb088b44, type: 3}
  m_Name: 
  m_EditorClassIdentifier: 
  m_listeners:
    initialListenerList: []
    useDefaultListeners: 0
  isEnvironmentAware: 1
  isStaticObject: 0
  m_positionOffsetData:
    KeepMe: 0
    positionOffset: {x: 0, y: 0, z: 0}
  m_posOffsetData: {fileID: 0}
  listenerMask: 1
--- !u!135 &2485664492459495270
SphereCollider:
  m_ObjectHideFlags: 0
  m_CorrespondingSourceObject: {fileID: 0}
  m_PrefabInstance: {fileID: 0}
  m_PrefabAsset: {fileID: 0}
  m_GameObject: {fileID: 6618832526655576005}
  m_Material: {fileID: 0}
  m_IsTrigger: 1
  m_Enabled: 1
  serializedVersion: 2
  m_Radius: 0.05
  m_Center: {x: 0, y: 0, z: 0}
--- !u!135 &5029873164547435456
SphereCollider:
  m_ObjectHideFlags: 0
  m_CorrespondingSourceObject: {fileID: 0}
  m_PrefabInstance: {fileID: 0}
  m_PrefabAsset: {fileID: 0}
  m_GameObject: {fileID: 3250939726149856387}
  m_Material: {fileID: 0}
  m_IsTrigger: 1
  m_Enabled: 1
  serializedVersion: 2
  m_Radius: 0.05
  m_Center: {x: 0, y: 0, z: 0}
--- !u!135 &1910939146623422619
SphereCollider:
  m_ObjectHideFlags: 0
  m_CorrespondingSourceObject: {fileID: 0}
  m_PrefabInstance: {fileID: 0}
  m_PrefabAsset: {fileID: 0}
  m_GameObject: {fileID: 736019485854027400}
  m_Material: {fileID: 0}
  m_IsTrigger: 1
  m_Enabled: 1
  serializedVersion: 2
  m_Radius: 0.35
  m_Center: {x: 0, y: 0, z: 0}
--- !u!114 &6740454013817846055
MonoBehaviour:
  m_ObjectHideFlags: 0
  m_CorrespondingSourceObject: {fileID: 0}
  m_PrefabInstance: {fileID: 0}
  m_PrefabAsset: {fileID: 0}
  m_GameObject: {fileID: 736019485854027400}
  m_Enabled: 1
  m_EditorHideFlags: 0
  m_Script: {fileID: 11500000, guid: 83327bf85a7691f41ba8df7aeb088b44, type: 3}
  m_Name: 
  m_EditorClassIdentifier: 
  m_listeners:
    initialListenerList: []
    useDefaultListeners: 0
  isEnvironmentAware: 1
  isStaticObject: 0
  m_positionOffsetData:
    KeepMe: 0
    positionOffset: {x: 0, y: 0, z: 0}
  m_posOffsetData: {fileID: 0}
  listenerMask: 1
--- !u!1001 &5497631581571071059
PrefabInstance:
  m_ObjectHideFlags: 0
  serializedVersion: 2
  m_Modification:
    m_TransformParent: {fileID: 0}
    m_Modifications:
    - target: {fileID: 6872024674541529, guid: 8621275c09004db40875edf4d239fdc8, type: 3}
      propertyPath: stareParams
      value: 
      objectReference: {fileID: 11400000, guid: 507224a5eabaee349a9f4d0af17b8c88,
        type: 2}
    - target: {fileID: 72219273365929779, guid: 8621275c09004db40875edf4d239fdc8,
        type: 3}
      propertyPath: m_Color.r
      value: 1
      objectReference: {fileID: 0}
    - target: {fileID: 72219273365929779, guid: 8621275c09004db40875edf4d239fdc8,
        type: 3}
      propertyPath: m_Color.g
      value: 0.16016221
      objectReference: {fileID: 0}
    - target: {fileID: 72219273365929779, guid: 8621275c09004db40875edf4d239fdc8,
        type: 3}
      propertyPath: m_Color.b
      value: 0
      objectReference: {fileID: 0}
    - target: {fileID: 188896439658408377, guid: 8621275c09004db40875edf4d239fdc8,
        type: 3}
      propertyPath: m_IsActive
      value: 1
      objectReference: {fileID: 0}
    - target: {fileID: 588790530331561885, guid: 8621275c09004db40875edf4d239fdc8,
        type: 3}
      propertyPath: m_RootOrder
      value: 6
      objectReference: {fileID: 0}
    - target: {fileID: 679266880251518670, guid: 8621275c09004db40875edf4d239fdc8,
        type: 3}
      propertyPath: m_Enabled
      value: 1
      objectReference: {fileID: 0}
    - target: {fileID: 679266880251518670, guid: 8621275c09004db40875edf4d239fdc8,
        type: 3}
      propertyPath: VolumesOffset.Array.data[1]
      value: 0
      objectReference: {fileID: 0}
    - target: {fileID: 700288764831717699, guid: 8621275c09004db40875edf4d239fdc8,
        type: 3}
      propertyPath: playerInput
      value: 
      objectReference: {fileID: 6479865323993455446}
    - target: {fileID: 1400724629155133707, guid: 8621275c09004db40875edf4d239fdc8,
        type: 3}
      propertyPath: m_AnchoredPosition.x
      value: -952.90015
      objectReference: {fileID: 0}
    - target: {fileID: 1545641908217121230, guid: 8621275c09004db40875edf4d239fdc8,
        type: 3}
      propertyPath: m_RootOrder
      value: 3
      objectReference: {fileID: 0}
    - target: {fileID: 1560103532315764485, guid: 8621275c09004db40875edf4d239fdc8,
        type: 3}
      propertyPath: m_Actions
      value: 
      objectReference: {fileID: -944628639613478452, guid: d7eb018d5272a4644ac2dc75d5f7c1f9,
        type: 3}
    - target: {fileID: 1560103532315764485, guid: 8621275c09004db40875edf4d239fdc8,
        type: 3}
      propertyPath: m_DefaultActionMap
      value: Death
      objectReference: {fileID: 0}
    - target: {fileID: 1560103532315764485, guid: 8621275c09004db40875edf4d239fdc8,
        type: 3}
      propertyPath: m_NeverAutoSwitchControlSchemes
      value: 0
      objectReference: {fileID: 0}
    - target: {fileID: 1560103532315764485, guid: 8621275c09004db40875edf4d239fdc8,
        type: 3}
      propertyPath: m_DefaultControlScheme
      value: 
      objectReference: {fileID: 0}
    - target: {fileID: 1560103532481586378, guid: 8621275c09004db40875edf4d239fdc8,
        type: 3}
      propertyPath: m_Antialiasing
      value: 1
      objectReference: {fileID: 0}
    - target: {fileID: 1560103533949890776, guid: 8621275c09004db40875edf4d239fdc8,
        type: 3}
      propertyPath: m_LocalPosition.x
      value: 35.47
      objectReference: {fileID: 0}
    - target: {fileID: 1560103533949890776, guid: 8621275c09004db40875edf4d239fdc8,
        type: 3}
      propertyPath: m_LocalPosition.y
      value: -3.37
      objectReference: {fileID: 0}
    - target: {fileID: 1560103533949890776, guid: 8621275c09004db40875edf4d239fdc8,
        type: 3}
      propertyPath: m_LocalPosition.z
      value: -21.75
      objectReference: {fileID: 0}
    - target: {fileID: 1560103533949890776, guid: 8621275c09004db40875edf4d239fdc8,
        type: 3}
      propertyPath: m_LocalRotation.x
      value: 0
      objectReference: {fileID: 0}
    - target: {fileID: 1560103533949890776, guid: 8621275c09004db40875edf4d239fdc8,
        type: 3}
      propertyPath: m_LocalRotation.y
      value: 0.78859067
      objectReference: {fileID: 0}
    - target: {fileID: 1560103533949890776, guid: 8621275c09004db40875edf4d239fdc8,
        type: 3}
      propertyPath: m_LocalRotation.z
      value: 0
      objectReference: {fileID: 0}
    - target: {fileID: 1560103533949890776, guid: 8621275c09004db40875edf4d239fdc8,
        type: 3}
      propertyPath: m_LocalRotation.w
      value: 0.61491853
      objectReference: {fileID: 0}
    - target: {fileID: 1560103533949890776, guid: 8621275c09004db40875edf4d239fdc8,
        type: 3}
      propertyPath: m_RootOrder
      value: 0
      objectReference: {fileID: 0}
    - target: {fileID: 1560103533949890776, guid: 8621275c09004db40875edf4d239fdc8,
        type: 3}
      propertyPath: m_LocalEulerAnglesHint.x
      value: 0
      objectReference: {fileID: 0}
    - target: {fileID: 1560103533949890776, guid: 8621275c09004db40875edf4d239fdc8,
        type: 3}
      propertyPath: m_LocalEulerAnglesHint.y
      value: 104.108
      objectReference: {fileID: 0}
    - target: {fileID: 1560103533949890776, guid: 8621275c09004db40875edf4d239fdc8,
        type: 3}
      propertyPath: m_LocalEulerAnglesHint.z
      value: 0
      objectReference: {fileID: 0}
    - target: {fileID: 1560103533949890776, guid: 8621275c09004db40875edf4d239fdc8,
        type: 3}
      propertyPath: m_LocalScale.z
      value: 1
      objectReference: {fileID: 0}
    - target: {fileID: 1560103533949890778, guid: 8621275c09004db40875edf4d239fdc8,
        type: 3}
      propertyPath: m_LocalPosition.x
      value: -0
      objectReference: {fileID: 0}
    - target: {fileID: 1560103533949890778, guid: 8621275c09004db40875edf4d239fdc8,
        type: 3}
      propertyPath: m_LocalPosition.z
      value: -0.065
      objectReference: {fileID: 0}
    - target: {fileID: 1560103533949890778, guid: 8621275c09004db40875edf4d239fdc8,
        type: 3}
      propertyPath: m_LocalPosition.y
      value: 0.846
      objectReference: {fileID: 0}
    - target: {fileID: 1560103533950119164, guid: 8621275c09004db40875edf4d239fdc8,
        type: 3}
      propertyPath: m_Name
      value: Stanislas_Variant
      objectReference: {fileID: 0}
    - target: {fileID: 1560103533950447322, guid: 8621275c09004db40875edf4d239fdc8,
        type: 3}
      propertyPath: m_NormalizedViewPortRect.x
      value: 0.5
      objectReference: {fileID: 0}
    - target: {fileID: 1592022920897518189, guid: 8621275c09004db40875edf4d239fdc8,
        type: 3}
      propertyPath: Stamina
      value: 
      objectReference: {fileID: 11400000, guid: 826f2410391082747af58774abef43cb,
        type: 2}
    - target: {fileID: 1716019233644687506, guid: 8621275c09004db40875edf4d239fdc8,
        type: 3}
      propertyPath: m_fontSize
      value: 72
      objectReference: {fileID: 0}
    - target: {fileID: 1716019233644687506, guid: 8621275c09004db40875edf4d239fdc8,
        type: 3}
      propertyPath: m_firstOverflowCharacterIndex
      value: -1
      objectReference: {fileID: 0}
    - target: {fileID: 1716019233644687506, guid: 8621275c09004db40875edf4d239fdc8,
        type: 3}
      propertyPath: m_textInfo.lineCount
      value: 1
      objectReference: {fileID: 0}
    - target: {fileID: 1716019233644687506, guid: 8621275c09004db40875edf4d239fdc8,
        type: 3}
      propertyPath: m_fontAsset
      value: 
      objectReference: {fileID: 11400000, guid: 8f586378b4e144a9851e7b34d9b748ee,
        type: 2}
    - target: {fileID: 1716019233644687506, guid: 8621275c09004db40875edf4d239fdc8,
        type: 3}
      propertyPath: m_sharedMaterial
      value: 
      objectReference: {fileID: 2180264, guid: 8f586378b4e144a9851e7b34d9b748ee, type: 2}
    - target: {fileID: 1716019233644687506, guid: 8621275c09004db40875edf4d239fdc8,
        type: 3}
      propertyPath: m_textInfo.materialCount
      value: 1
      objectReference: {fileID: 0}
    - target: {fileID: 2387223955422333355, guid: 8621275c09004db40875edf4d239fdc8,
        type: 3}
      propertyPath: m_RootOrder
      value: 7
      objectReference: {fileID: 0}
    - target: {fileID: 2601417773039002924, guid: 8621275c09004db40875edf4d239fdc8,
        type: 3}
      propertyPath: m_RootOrder
      value: 0
      objectReference: {fileID: 0}
    - target: {fileID: 3118412579980960168, guid: 8621275c09004db40875edf4d239fdc8,
        type: 3}
      propertyPath: m_RootOrder
      value: 2
      objectReference: {fileID: 0}
    - target: {fileID: 3948779816883251704, guid: 8621275c09004db40875edf4d239fdc8,
        type: 3}
      propertyPath: m_AnchorMin.y
      value: 0
      objectReference: {fileID: 0}
    - target: {fileID: 3948779816883251704, guid: 8621275c09004db40875edf4d239fdc8,
        type: 3}
      propertyPath: m_AnchorMax.y
      value: 0
      objectReference: {fileID: 0}
    - target: {fileID: 3948779816883251704, guid: 8621275c09004db40875edf4d239fdc8,
        type: 3}
      propertyPath: m_AnchoredPosition.x
      value: 0
      objectReference: {fileID: 0}
    - target: {fileID: 3948779816883251704, guid: 8621275c09004db40875edf4d239fdc8,
        type: 3}
      propertyPath: m_AnchoredPosition.y
      value: 0
      objectReference: {fileID: 0}
    - target: {fileID: 3948779816883251704, guid: 8621275c09004db40875edf4d239fdc8,
        type: 3}
      propertyPath: m_SizeDelta.x
      value: 0
      objectReference: {fileID: 0}
    - target: {fileID: 3948779816883251704, guid: 8621275c09004db40875edf4d239fdc8,
        type: 3}
      propertyPath: m_SizeDelta.y
      value: 0
      objectReference: {fileID: 0}
    - target: {fileID: 3982945896709707307, guid: 8621275c09004db40875edf4d239fdc8,
        type: 3}
      propertyPath: settings
      value: 
      objectReference: {fileID: 11400000, guid: 62e84870dda28ad4cba526e6a0968717,
        type: 2}
    - target: {fileID: 4124868660468272171, guid: 8621275c09004db40875edf4d239fdc8,
        type: 3}
      propertyPath: m_RootOrder
      value: 4
      objectReference: {fileID: 0}
    - target: {fileID: 4129504875059901677, guid: 8621275c09004db40875edf4d239fdc8,
        type: 3}
      propertyPath: m_AnchorMin.y
      value: 0
      objectReference: {fileID: 0}
    - target: {fileID: 4129504875059901677, guid: 8621275c09004db40875edf4d239fdc8,
        type: 3}
      propertyPath: m_AnchorMax.y
      value: 0
      objectReference: {fileID: 0}
    - target: {fileID: 4129504875059901677, guid: 8621275c09004db40875edf4d239fdc8,
        type: 3}
      propertyPath: m_AnchoredPosition.x
      value: 0
      objectReference: {fileID: 0}
    - target: {fileID: 4129504875059901677, guid: 8621275c09004db40875edf4d239fdc8,
        type: 3}
      propertyPath: m_AnchoredPosition.y
      value: 0
      objectReference: {fileID: 0}
    - target: {fileID: 4129504875059901677, guid: 8621275c09004db40875edf4d239fdc8,
        type: 3}
      propertyPath: m_SizeDelta.x
      value: 0
      objectReference: {fileID: 0}
    - target: {fileID: 4129504875059901677, guid: 8621275c09004db40875edf4d239fdc8,
        type: 3}
      propertyPath: m_SizeDelta.y
      value: 0
      objectReference: {fileID: 0}
    - target: {fileID: 4146594835423336227, guid: 8621275c09004db40875edf4d239fdc8,
        type: 3}
      propertyPath: m_AnchorMin.y
      value: 0
      objectReference: {fileID: 0}
    - target: {fileID: 4146594835423336227, guid: 8621275c09004db40875edf4d239fdc8,
        type: 3}
      propertyPath: m_AnchorMax.y
      value: 0
      objectReference: {fileID: 0}
    - target: {fileID: 4146594835423336227, guid: 8621275c09004db40875edf4d239fdc8,
        type: 3}
      propertyPath: m_AnchoredPosition.x
      value: 0
      objectReference: {fileID: 0}
    - target: {fileID: 4146594835423336227, guid: 8621275c09004db40875edf4d239fdc8,
        type: 3}
      propertyPath: m_AnchoredPosition.y
      value: 0
      objectReference: {fileID: 0}
    - target: {fileID: 4146594835423336227, guid: 8621275c09004db40875edf4d239fdc8,
        type: 3}
      propertyPath: m_SizeDelta.x
      value: 0
      objectReference: {fileID: 0}
    - target: {fileID: 4146594835423336227, guid: 8621275c09004db40875edf4d239fdc8,
        type: 3}
      propertyPath: m_SizeDelta.y
      value: 0
      objectReference: {fileID: 0}
    - target: {fileID: 4200544832685917238, guid: 8621275c09004db40875edf4d239fdc8,
        type: 3}
      propertyPath: m_fontSize
      value: 72
      objectReference: {fileID: 0}
    - target: {fileID: 4200544832685917238, guid: 8621275c09004db40875edf4d239fdc8,
        type: 3}
      propertyPath: m_firstOverflowCharacterIndex
      value: -1
      objectReference: {fileID: 0}
    - target: {fileID: 4200544832685917238, guid: 8621275c09004db40875edf4d239fdc8,
        type: 3}
      propertyPath: m_textInfo.lineCount
      value: 1
      objectReference: {fileID: 0}
    - target: {fileID: 4200544832685917238, guid: 8621275c09004db40875edf4d239fdc8,
        type: 3}
      propertyPath: m_fontAsset
      value: 
      objectReference: {fileID: 11400000, guid: 8f586378b4e144a9851e7b34d9b748ee,
        type: 2}
    - target: {fileID: 4200544832685917238, guid: 8621275c09004db40875edf4d239fdc8,
        type: 3}
      propertyPath: m_sharedMaterial
      value: 
      objectReference: {fileID: 2180264, guid: 8f586378b4e144a9851e7b34d9b748ee, type: 2}
    - target: {fileID: 4298760290714695223, guid: 8621275c09004db40875edf4d239fdc8,
        type: 3}
      propertyPath: m_AnchorMin.y
      value: 0
      objectReference: {fileID: 0}
    - target: {fileID: 4298760290714695223, guid: 8621275c09004db40875edf4d239fdc8,
        type: 3}
      propertyPath: m_AnchorMax.y
      value: 0
      objectReference: {fileID: 0}
    - target: {fileID: 4298760290714695223, guid: 8621275c09004db40875edf4d239fdc8,
        type: 3}
      propertyPath: m_AnchoredPosition.x
      value: 0
      objectReference: {fileID: 0}
    - target: {fileID: 4298760290714695223, guid: 8621275c09004db40875edf4d239fdc8,
        type: 3}
      propertyPath: m_AnchoredPosition.y
      value: 0
      objectReference: {fileID: 0}
    - target: {fileID: 4298760290714695223, guid: 8621275c09004db40875edf4d239fdc8,
        type: 3}
      propertyPath: m_SizeDelta.x
      value: 0
      objectReference: {fileID: 0}
    - target: {fileID: 4298760290714695223, guid: 8621275c09004db40875edf4d239fdc8,
        type: 3}
      propertyPath: m_SizeDelta.y
      value: 0
      objectReference: {fileID: 0}
    - target: {fileID: 4897513261406175592, guid: 8621275c09004db40875edf4d239fdc8,
        type: 3}
      propertyPath: m_RootOrder
      value: 5
      objectReference: {fileID: 0}
    - target: {fileID: 4919987154679899542, guid: 8621275c09004db40875edf4d239fdc8,
        type: 3}
      propertyPath: m_RootOrder
      value: 1
      objectReference: {fileID: 0}
    - target: {fileID: 4955428966009097145, guid: 8621275c09004db40875edf4d239fdc8,
        type: 3}
      propertyPath: m_AnchoredPosition.x
      value: -952.8999
      objectReference: {fileID: 0}
    - target: {fileID: 5266116542919532669, guid: 8621275c09004db40875edf4d239fdc8,
        type: 3}
      propertyPath: m_AnchoredPosition.x
      value: -440.99994
      objectReference: {fileID: 0}
    - target: {fileID: 5640060838164428552, guid: 8621275c09004db40875edf4d239fdc8,
        type: 3}
      propertyPath: m_fontSize
      value: 72
      objectReference: {fileID: 0}
    - target: {fileID: 5640060838164428552, guid: 8621275c09004db40875edf4d239fdc8,
        type: 3}
      propertyPath: m_firstOverflowCharacterIndex
      value: -1
      objectReference: {fileID: 0}
    - target: {fileID: 5640060838164428552, guid: 8621275c09004db40875edf4d239fdc8,
        type: 3}
      propertyPath: m_textInfo.lineCount
      value: 1
      objectReference: {fileID: 0}
    - target: {fileID: 5640060838164428552, guid: 8621275c09004db40875edf4d239fdc8,
        type: 3}
      propertyPath: m_fontAsset
      value: 
      objectReference: {fileID: 11400000, guid: 8f586378b4e144a9851e7b34d9b748ee,
        type: 2}
    - target: {fileID: 5640060838164428552, guid: 8621275c09004db40875edf4d239fdc8,
        type: 3}
      propertyPath: m_sharedMaterial
      value: 
      objectReference: {fileID: 2180264, guid: 8f586378b4e144a9851e7b34d9b748ee, type: 2}
    - target: {fileID: 6588655997220941261, guid: 8621275c09004db40875edf4d239fdc8,
        type: 3}
      propertyPath: m_AnchoredPosition.x
      value: -369.5
      objectReference: {fileID: 0}
    - target: {fileID: 6588655997220941261, guid: 8621275c09004db40875edf4d239fdc8,
        type: 3}
      propertyPath: m_SizeDelta.x
      value: -739
      objectReference: {fileID: 0}
    - target: {fileID: 6588655997970228393, guid: 8621275c09004db40875edf4d239fdc8,
        type: 3}
      propertyPath: m_AnchoredPosition.x
      value: -154.08148
      objectReference: {fileID: 0}
    - target: {fileID: 6588655997970228393, guid: 8621275c09004db40875edf4d239fdc8,
        type: 3}
      propertyPath: m_SizeDelta.x
      value: -308.16302
      objectReference: {fileID: 0}
    - target: {fileID: 6588655998292427922, guid: 8621275c09004db40875edf4d239fdc8,
        type: 3}
      propertyPath: m_AnchoredPosition.x
      value: -46.556976
      objectReference: {fileID: 0}
    - target: {fileID: 6588655998292427922, guid: 8621275c09004db40875edf4d239fdc8,
        type: 3}
      propertyPath: m_SizeDelta.x
      value: -739
      objectReference: {fileID: 0}
    - target: {fileID: 6588655998353546854, guid: 8621275c09004db40875edf4d239fdc8,
        type: 3}
      propertyPath: m_AnchoredPosition.x
      value: 7.3900146
      objectReference: {fileID: 0}
    - target: {fileID: 6588655998353546854, guid: 8621275c09004db40875edf4d239fdc8,
        type: 3}
      propertyPath: m_SizeDelta.x
      value: -631.106
      objectReference: {fileID: 0}
    - target: {fileID: 6633320597222051426, guid: 8621275c09004db40875edf4d239fdc8,
        type: 3}
      propertyPath: m_fontSize
      value: 72
      objectReference: {fileID: 0}
    - target: {fileID: 6633320597222051426, guid: 8621275c09004db40875edf4d239fdc8,
        type: 3}
      propertyPath: m_firstOverflowCharacterIndex
      value: -1
      objectReference: {fileID: 0}
    - target: {fileID: 6633320597222051426, guid: 8621275c09004db40875edf4d239fdc8,
        type: 3}
      propertyPath: m_textInfo.lineCount
      value: 1
      objectReference: {fileID: 0}
    - target: {fileID: 6633320597222051426, guid: 8621275c09004db40875edf4d239fdc8,
        type: 3}
      propertyPath: m_fontAsset
      value: 
      objectReference: {fileID: 11400000, guid: 8f586378b4e144a9851e7b34d9b748ee,
        type: 2}
    - target: {fileID: 6633320597222051426, guid: 8621275c09004db40875edf4d239fdc8,
        type: 3}
      propertyPath: m_sharedMaterial
      value: 
      objectReference: {fileID: 2180264, guid: 8f586378b4e144a9851e7b34d9b748ee, type: 2}
    - target: {fileID: 6695109893082387217, guid: 8621275c09004db40875edf4d239fdc8,
        type: 3}
      propertyPath: animator
      value: 
      objectReference: {fileID: 3812045684223058214}
    - target: {fileID: 6695109893082387217, guid: 8621275c09004db40875edf4d239fdc8,
        type: 3}
      propertyPath: feet
      value: 
      objectReference: {fileID: 6618832526655576005}
    - target: {fileID: 6695109893082387217, guid: 8621275c09004db40875edf4d239fdc8,
        type: 3}
      propertyPath: settings
      value: 
      objectReference: {fileID: 11400000, guid: 717663e16327e1f4690db5ae7b8bc925,
        type: 2}
    - target: {fileID: 6890131523195845932, guid: 8621275c09004db40875edf4d239fdc8,
        type: 3}
      propertyPath: m_IsActive
      value: 0
      objectReference: {fileID: 0}
    - target: {fileID: 7023791952378665802, guid: 8621275c09004db40875edf4d239fdc8,
        type: 3}
      propertyPath: m_AnchorMin.y
      value: 0
      objectReference: {fileID: 0}
    - target: {fileID: 7023791952378665802, guid: 8621275c09004db40875edf4d239fdc8,
        type: 3}
      propertyPath: m_AnchorMax.y
      value: 0
      objectReference: {fileID: 0}
    - target: {fileID: 7023791952378665802, guid: 8621275c09004db40875edf4d239fdc8,
        type: 3}
      propertyPath: m_AnchoredPosition.x
      value: 0
      objectReference: {fileID: 0}
    - target: {fileID: 7023791952378665802, guid: 8621275c09004db40875edf4d239fdc8,
        type: 3}
      propertyPath: m_AnchoredPosition.y
      value: 0
      objectReference: {fileID: 0}
    - target: {fileID: 7023791952378665802, guid: 8621275c09004db40875edf4d239fdc8,
        type: 3}
      propertyPath: m_SizeDelta.x
      value: 0
      objectReference: {fileID: 0}
    - target: {fileID: 7023791952378665802, guid: 8621275c09004db40875edf4d239fdc8,
        type: 3}
      propertyPath: m_SizeDelta.y
      value: 0
      objectReference: {fileID: 0}
    - target: {fileID: 7630902887146843556, guid: 8621275c09004db40875edf4d239fdc8,
        type: 3}
      propertyPath: DissolveMaterials.Array.size
      value: 1
      objectReference: {fileID: 0}
    - target: {fileID: 7630902887146843556, guid: 8621275c09004db40875edf4d239fdc8,
        type: 3}
      propertyPath: DissolveMaterials.Array.data[0]
      value: 
      objectReference: {fileID: 7343917679687367766}
    - target: {fileID: 7630902887146843556, guid: 8621275c09004db40875edf4d239fdc8,
        type: 3}
      propertyPath: Settings
      value: 
      objectReference: {fileID: 11400000, guid: a2d24c4183571ae42ade21426e5ab8dc,
        type: 2}
    - target: {fileID: 7790423020296946821, guid: 8621275c09004db40875edf4d239fdc8,
        type: 3}
      propertyPath: m_AnchorMin.y
      value: 0
      objectReference: {fileID: 0}
    - target: {fileID: 7790423020296946821, guid: 8621275c09004db40875edf4d239fdc8,
        type: 3}
      propertyPath: m_AnchorMax.y
      value: 0
      objectReference: {fileID: 0}
    - target: {fileID: 7790423020296946821, guid: 8621275c09004db40875edf4d239fdc8,
        type: 3}
      propertyPath: m_AnchoredPosition.x
      value: 0
      objectReference: {fileID: 0}
    - target: {fileID: 7790423020296946821, guid: 8621275c09004db40875edf4d239fdc8,
        type: 3}
      propertyPath: m_AnchoredPosition.y
      value: 0
      objectReference: {fileID: 0}
    - target: {fileID: 7790423020296946821, guid: 8621275c09004db40875edf4d239fdc8,
        type: 3}
      propertyPath: m_SizeDelta.x
      value: 0
      objectReference: {fileID: 0}
    - target: {fileID: 7790423020296946821, guid: 8621275c09004db40875edf4d239fdc8,
        type: 3}
      propertyPath: m_SizeDelta.y
      value: 0
      objectReference: {fileID: 0}
    - target: {fileID: 7845484687841569654, guid: 8621275c09004db40875edf4d239fdc8,
        type: 3}
      propertyPath: m_Color.r
      value: 0.1782218
      objectReference: {fileID: 0}
    - target: {fileID: 7845484687841569654, guid: 8621275c09004db40875edf4d239fdc8,
        type: 3}
      propertyPath: m_Color.g
      value: 0.71927106
      objectReference: {fileID: 0}
    - target: {fileID: 7845484687841569654, guid: 8621275c09004db40875edf4d239fdc8,
        type: 3}
      propertyPath: m_Color.b
      value: 0.8396226
      objectReference: {fileID: 0}
    - target: {fileID: 7944013067722515857, guid: 8621275c09004db40875edf4d239fdc8,
        type: 3}
      propertyPath: m_AnchorMin.y
      value: 0
      objectReference: {fileID: 0}
    - target: {fileID: 7944013067722515857, guid: 8621275c09004db40875edf4d239fdc8,
        type: 3}
      propertyPath: m_AnchorMax.y
      value: 0
      objectReference: {fileID: 0}
    - target: {fileID: 7944013067722515857, guid: 8621275c09004db40875edf4d239fdc8,
        type: 3}
      propertyPath: m_AnchoredPosition.x
      value: 0
      objectReference: {fileID: 0}
    - target: {fileID: 7944013067722515857, guid: 8621275c09004db40875edf4d239fdc8,
        type: 3}
      propertyPath: m_AnchoredPosition.y
      value: 0
      objectReference: {fileID: 0}
    - target: {fileID: 7944013067722515857, guid: 8621275c09004db40875edf4d239fdc8,
        type: 3}
      propertyPath: m_SizeDelta.x
      value: 0
      objectReference: {fileID: 0}
    - target: {fileID: 7944013067722515857, guid: 8621275c09004db40875edf4d239fdc8,
        type: 3}
      propertyPath: m_SizeDelta.y
      value: 0
      objectReference: {fileID: 0}
    - target: {fileID: 7997149447609484895, guid: 8621275c09004db40875edf4d239fdc8,
        type: 3}
      propertyPath: m_AnchorMin.y
      value: 0
      objectReference: {fileID: 0}
    - target: {fileID: 7997149447609484895, guid: 8621275c09004db40875edf4d239fdc8,
        type: 3}
      propertyPath: m_AnchorMax.y
      value: 0
      objectReference: {fileID: 0}
    - target: {fileID: 7997149447609484895, guid: 8621275c09004db40875edf4d239fdc8,
        type: 3}
      propertyPath: m_AnchoredPosition.x
      value: 0
      objectReference: {fileID: 0}
    - target: {fileID: 7997149447609484895, guid: 8621275c09004db40875edf4d239fdc8,
        type: 3}
      propertyPath: m_AnchoredPosition.y
      value: 0
      objectReference: {fileID: 0}
    - target: {fileID: 7997149447609484895, guid: 8621275c09004db40875edf4d239fdc8,
        type: 3}
      propertyPath: m_SizeDelta.x
      value: 0
      objectReference: {fileID: 0}
    - target: {fileID: 7997149447609484895, guid: 8621275c09004db40875edf4d239fdc8,
        type: 3}
      propertyPath: m_SizeDelta.y
      value: 0
      objectReference: {fileID: 0}
    - target: {fileID: 8834255912283231348, guid: 8621275c09004db40875edf4d239fdc8,
        type: 3}
      propertyPath: bodyParts.Array.size
      value: 1
      objectReference: {fileID: 0}
    - target: {fileID: 8834255912283231348, guid: 8621275c09004db40875edf4d239fdc8,
        type: 3}
      propertyPath: bodyParts.Array.data[0]
      value: 
      objectReference: {fileID: 7343917679687367766}
    - target: {fileID: 8999553392148103122, guid: 8621275c09004db40875edf4d239fdc8,
        type: 3}
      propertyPath: m_Material
      value: 
      objectReference: {fileID: 0}
    - target: {fileID: 8999553392148103122, guid: 8621275c09004db40875edf4d239fdc8,
        type: 3}
      propertyPath: m_sharedMaterial
      value: 
      objectReference: {fileID: 0}
    m_RemovedComponents:
    - {fileID: 679266880251518670, guid: 8621275c09004db40875edf4d239fdc8, type: 3}
  m_SourcePrefab: {fileID: 100100000, guid: 8621275c09004db40875edf4d239fdc8, type: 3}
--- !u!4 &6479865324520410251 stripped
Transform:
  m_CorrespondingSourceObject: {fileID: 1560103533949890776, guid: 8621275c09004db40875edf4d239fdc8,
    type: 3}
  m_PrefabInstance: {fileID: 5497631581571071059}
  m_PrefabAsset: {fileID: 0}
--- !u!114 &6479865323993455446 stripped
MonoBehaviour:
  m_CorrespondingSourceObject: {fileID: 1560103532315764485, guid: 8621275c09004db40875edf4d239fdc8,
    type: 3}
  m_PrefabInstance: {fileID: 5497631581571071059}
  m_PrefabAsset: {fileID: 0}
  m_GameObject: {fileID: 0}
  m_Enabled: 1
  m_EditorHideFlags: 0
  m_Script: {fileID: 11500000, guid: 62899f850307741f2a39c98a8b639597, type: 3}
  m_Name: 
  m_EditorClassIdentifier: 
--- !u!114 &2715085039902708215 stripped
MonoBehaviour:
  m_CorrespondingSourceObject: {fileID: 7630902887146843556, guid: 8621275c09004db40875edf4d239fdc8,
    type: 3}
  m_PrefabInstance: {fileID: 5497631581571071059}
  m_PrefabAsset: {fileID: 0}
  m_GameObject: {fileID: 0}
  m_Enabled: 1
  m_EditorHideFlags: 0
  m_Script: {fileID: 11500000, guid: f84ffa7619ad02145bd1a8bb12ace295, type: 3}
  m_Name: 
  m_EditorClassIdentifier: 
--- !u!143 &1460152145881153298 stripped
CharacterController:
  m_CorrespondingSourceObject: {fileID: 6343322721937916737, guid: 8621275c09004db40875edf4d239fdc8,
    type: 3}
  m_PrefabInstance: {fileID: 5497631581571071059}
  m_PrefabAsset: {fileID: 0}
--- !u!54 &222470917762713802 stripped
Rigidbody:
  m_CorrespondingSourceObject: {fileID: 5718976507621749913, guid: 8621275c09004db40875edf4d239fdc8,
    type: 3}
  m_PrefabInstance: {fileID: 5497631581571071059}
  m_PrefabAsset: {fileID: 0}
--- !u!114 &1198604228615089986 stripped
MonoBehaviour:
  m_CorrespondingSourceObject: {fileID: 6695109893082387217, guid: 8621275c09004db40875edf4d239fdc8,
    type: 3}
  m_PrefabInstance: {fileID: 5497631581571071059}
  m_PrefabAsset: {fileID: 0}
  m_GameObject: {fileID: 0}
  m_Enabled: 1
  m_EditorHideFlags: 0
  m_Script: {fileID: 11500000, guid: 05ec5cf00ca181d45a42ba1870e148c3, type: 3}
  m_Name: 
  m_EditorClassIdentifier: 
--- !u!114 &3950244261370947623 stripped
MonoBehaviour:
  m_CorrespondingSourceObject: {fileID: 8834255912283231348, guid: 8621275c09004db40875edf4d239fdc8,
    type: 3}
  m_PrefabInstance: {fileID: 5497631581571071059}
  m_PrefabAsset: {fileID: 0}
  m_GameObject: {fileID: 0}
  m_Enabled: 1
  m_EditorHideFlags: 0
  m_Script: {fileID: 11500000, guid: 8697fee92cfe4c441803b3d6843ce752, type: 3}
  m_Name: 
  m_EditorClassIdentifier: 
--- !u!1 &6479865324520771757 stripped
GameObject:
  m_CorrespondingSourceObject: {fileID: 1560103533950119166, guid: 8621275c09004db40875edf4d239fdc8,
    type: 3}
  m_PrefabInstance: {fileID: 5497631581571071059}
  m_PrefabAsset: {fileID: 0}
--- !u!4 &6479865324520410249 stripped
Transform:
  m_CorrespondingSourceObject: {fileID: 1560103533949890778, guid: 8621275c09004db40875edf4d239fdc8,
    type: 3}
  m_PrefabInstance: {fileID: 5497631581571071059}
  m_PrefabAsset: {fileID: 0}
--- !u!1 &8813067054356074497 stripped
GameObject:
  m_CorrespondingSourceObject: {fileID: 3892745057762323538, guid: 8621275c09004db40875edf4d239fdc8,
    type: 3}
  m_PrefabInstance: {fileID: 5497631581571071059}
  m_PrefabAsset: {fileID: 0}
--- !u!114 &5499995594428392330 stripped
MonoBehaviour:
  m_CorrespondingSourceObject: {fileID: 6872024674541529, guid: 8621275c09004db40875edf4d239fdc8,
    type: 3}
  m_PrefabInstance: {fileID: 5497631581571071059}
  m_PrefabAsset: {fileID: 0}
  m_GameObject: {fileID: 8813067054356074497}
  m_Enabled: 1
  m_EditorHideFlags: 0
  m_Script: {fileID: 11500000, guid: cc710093fd5402b4e98eaf735b2d4a59, type: 3}
  m_Name: 
  m_EditorClassIdentifier: 
--- !u!1001 &8429501359316977102
PrefabInstance:
  m_ObjectHideFlags: 0
  serializedVersion: 2
  m_Modification:
    m_TransformParent: {fileID: 6479865324520410251}
    m_Modifications:
    - target: {fileID: 389057000010803660, guid: 95bec368f0efc1143a53da12b9487c7c,
        type: 3}
      propertyPath: m_LocalPosition.x
      value: 0
      objectReference: {fileID: 0}
    - target: {fileID: 389057000010803660, guid: 95bec368f0efc1143a53da12b9487c7c,
        type: 3}
      propertyPath: m_LocalPosition.y
      value: -0.975
      objectReference: {fileID: 0}
    - target: {fileID: 389057000010803660, guid: 95bec368f0efc1143a53da12b9487c7c,
        type: 3}
      propertyPath: m_LocalPosition.z
      value: 0
      objectReference: {fileID: 0}
    - target: {fileID: 389057000010803660, guid: 95bec368f0efc1143a53da12b9487c7c,
        type: 3}
      propertyPath: m_LocalRotation.x
      value: 0
      objectReference: {fileID: 0}
    - target: {fileID: 389057000010803660, guid: 95bec368f0efc1143a53da12b9487c7c,
        type: 3}
      propertyPath: m_LocalRotation.y
      value: 0
      objectReference: {fileID: 0}
    - target: {fileID: 389057000010803660, guid: 95bec368f0efc1143a53da12b9487c7c,
        type: 3}
      propertyPath: m_LocalRotation.z
      value: 0
      objectReference: {fileID: 0}
    - target: {fileID: 389057000010803660, guid: 95bec368f0efc1143a53da12b9487c7c,
        type: 3}
      propertyPath: m_LocalRotation.w
      value: 1
      objectReference: {fileID: 0}
    - target: {fileID: 389057000010803660, guid: 95bec368f0efc1143a53da12b9487c7c,
        type: 3}
      propertyPath: m_RootOrder
      value: 2
      objectReference: {fileID: 0}
    - target: {fileID: 389057000010803660, guid: 95bec368f0efc1143a53da12b9487c7c,
        type: 3}
      propertyPath: m_LocalEulerAnglesHint.x
      value: 0
      objectReference: {fileID: 0}
    - target: {fileID: 389057000010803660, guid: 95bec368f0efc1143a53da12b9487c7c,
        type: 3}
      propertyPath: m_LocalEulerAnglesHint.y
      value: 0
      objectReference: {fileID: 0}
    - target: {fileID: 389057000010803660, guid: 95bec368f0efc1143a53da12b9487c7c,
        type: 3}
      propertyPath: m_LocalEulerAnglesHint.z
      value: 0
      objectReference: {fileID: 0}
    - target: {fileID: 452416918311368961, guid: 95bec368f0efc1143a53da12b9487c7c,
        type: 3}
      propertyPath: m_Layer
      value: 20
      objectReference: {fileID: 0}
    - target: {fileID: 764675773105473906, guid: 95bec368f0efc1143a53da12b9487c7c,
        type: 3}
      propertyPath: m_Layer
      value: 20
      objectReference: {fileID: 0}
    - target: {fileID: 1229848747173427608, guid: 95bec368f0efc1143a53da12b9487c7c,
        type: 3}
      propertyPath: m_IsActive
      value: 1
      objectReference: {fileID: 0}
    - target: {fileID: 1229848747173427608, guid: 95bec368f0efc1143a53da12b9487c7c,
        type: 3}
      propertyPath: m_Layer
      value: 20
      objectReference: {fileID: 0}
    - target: {fileID: 1558920112318650272, guid: 95bec368f0efc1143a53da12b9487c7c,
        type: 3}
      propertyPath: healthManager
      value: 
      objectReference: {fileID: 2715085039902708215}
    - target: {fileID: 1558920112318650272, guid: 95bec368f0efc1143a53da12b9487c7c,
        type: 3}
      propertyPath: rigidBody
      value: 
      objectReference: {fileID: 222470917762713802}
    - target: {fileID: 2039070705574661158, guid: 95bec368f0efc1143a53da12b9487c7c,
        type: 3}
      propertyPath: healthManager
      value: 
      objectReference: {fileID: 2715085039902708215}
    - target: {fileID: 2039070705574661158, guid: 95bec368f0efc1143a53da12b9487c7c,
        type: 3}
      propertyPath: rigidBody
      value: 
      objectReference: {fileID: 222470917762713802}
    - target: {fileID: 2218671052305801787, guid: 95bec368f0efc1143a53da12b9487c7c,
        type: 3}
      propertyPath: healthManager
      value: 
      objectReference: {fileID: 2715085039902708215}
    - target: {fileID: 2218671052305801787, guid: 95bec368f0efc1143a53da12b9487c7c,
        type: 3}
      propertyPath: rigidBody
      value: 
      objectReference: {fileID: 222470917762713802}
    - target: {fileID: 2377871038306616012, guid: 95bec368f0efc1143a53da12b9487c7c,
        type: 3}
      propertyPath: m_Layer
      value: 20
      objectReference: {fileID: 0}
    - target: {fileID: 2489589583016228289, guid: 95bec368f0efc1143a53da12b9487c7c,
        type: 3}
      propertyPath: m_Layer
      value: 20
      objectReference: {fileID: 0}
    - target: {fileID: 2715947614012687288, guid: 95bec368f0efc1143a53da12b9487c7c,
        type: 3}
      propertyPath: m_Layer
      value: 20
      objectReference: {fileID: 0}
    - target: {fileID: 3323911410210319200, guid: 95bec368f0efc1143a53da12b9487c7c,
        type: 3}
      propertyPath: m_Layer
      value: 20
      objectReference: {fileID: 0}
    - target: {fileID: 3393421671480651286, guid: 95bec368f0efc1143a53da12b9487c7c,
        type: 3}
      propertyPath: m_Layer
      value: 20
      objectReference: {fileID: 0}
    - target: {fileID: 3507806115474464985, guid: 95bec368f0efc1143a53da12b9487c7c,
        type: 3}
      propertyPath: m_Layer
      value: 20
      objectReference: {fileID: 0}
    - target: {fileID: 3562006217104333701, guid: 95bec368f0efc1143a53da12b9487c7c,
        type: 3}
      propertyPath: m_IsActive
      value: 1
      objectReference: {fileID: 0}
    - target: {fileID: 3585406976005083044, guid: 95bec368f0efc1143a53da12b9487c7c,
        type: 3}
      propertyPath: m_IsActive
      value: 1
      objectReference: {fileID: 0}
    - target: {fileID: 3692226701088201695, guid: 95bec368f0efc1143a53da12b9487c7c,
        type: 3}
      propertyPath: m_Name
      value: STANISLAS+Animator
      objectReference: {fileID: 0}
    - target: {fileID: 3692226701088201695, guid: 95bec368f0efc1143a53da12b9487c7c,
        type: 3}
      propertyPath: m_Layer
      value: 20
      objectReference: {fileID: 0}
    - target: {fileID: 3763496442207152723, guid: 95bec368f0efc1143a53da12b9487c7c,
        type: 3}
      propertyPath: healthManager
      value: 
      objectReference: {fileID: 2715085039902708215}
    - target: {fileID: 3763496442207152723, guid: 95bec368f0efc1143a53da12b9487c7c,
        type: 3}
      propertyPath: rigidBody
      value: 
      objectReference: {fileID: 222470917762713802}
    - target: {fileID: 5339122474137602618, guid: 95bec368f0efc1143a53da12b9487c7c,
        type: 3}
      propertyPath: m_Layer
      value: 20
      objectReference: {fileID: 0}
    - target: {fileID: 6171602410305758373, guid: 95bec368f0efc1143a53da12b9487c7c,
        type: 3}
      propertyPath: m_Layer
      value: 20
      objectReference: {fileID: 0}
    - target: {fileID: 6259232621088313158, guid: 95bec368f0efc1143a53da12b9487c7c,
        type: 3}
      propertyPath: stare
      value: 
      objectReference: {fileID: 5499995594428392330}
    - target: {fileID: 6259232621088313158, guid: 95bec368f0efc1143a53da12b9487c7c,
        type: 3}
      propertyPath: fpc
      value: 
      objectReference: {fileID: 1198604228615089986}
    - target: {fileID: 6420635658850723096, guid: 95bec368f0efc1143a53da12b9487c7c,
        type: 3}
      propertyPath: m_Layer
      value: 20
      objectReference: {fileID: 0}
    - target: {fileID: 6598317892853620065, guid: 95bec368f0efc1143a53da12b9487c7c,
        type: 3}
      propertyPath: m_Layer
      value: 20
      objectReference: {fileID: 0}
    - target: {fileID: 6598317892910240389, guid: 95bec368f0efc1143a53da12b9487c7c,
        type: 3}
      propertyPath: m_Layer
      value: 20
      objectReference: {fileID: 0}
    - target: {fileID: 6598317892997698245, guid: 95bec368f0efc1143a53da12b9487c7c,
        type: 3}
      propertyPath: m_Layer
      value: 20
      objectReference: {fileID: 0}
    - target: {fileID: 6598317893502000349, guid: 95bec368f0efc1143a53da12b9487c7c,
        type: 3}
      propertyPath: m_Layer
      value: 20
      objectReference: {fileID: 0}
    - target: {fileID: 6598317893527974958, guid: 95bec368f0efc1143a53da12b9487c7c,
        type: 3}
      propertyPath: m_Layer
      value: 20
      objectReference: {fileID: 0}
    - target: {fileID: 6598317893605864820, guid: 95bec368f0efc1143a53da12b9487c7c,
        type: 3}
      propertyPath: m_Layer
      value: 20
      objectReference: {fileID: 0}
    - target: {fileID: 6598317893775966203, guid: 95bec368f0efc1143a53da12b9487c7c,
        type: 3}
      propertyPath: m_Layer
      value: 20
      objectReference: {fileID: 0}
    - target: {fileID: 6598317893806424974, guid: 95bec368f0efc1143a53da12b9487c7c,
        type: 3}
      propertyPath: m_Layer
      value: 20
      objectReference: {fileID: 0}
    - target: {fileID: 6598317893984039279, guid: 95bec368f0efc1143a53da12b9487c7c,
        type: 3}
      propertyPath: m_Layer
      value: 20
      objectReference: {fileID: 0}
    - target: {fileID: 6598317894347016328, guid: 95bec368f0efc1143a53da12b9487c7c,
        type: 3}
      propertyPath: m_Layer
      value: 20
      objectReference: {fileID: 0}
    - target: {fileID: 6598317894427671876, guid: 95bec368f0efc1143a53da12b9487c7c,
        type: 3}
      propertyPath: m_Layer
      value: 20
      objectReference: {fileID: 0}
    - target: {fileID: 6598317894691541131, guid: 95bec368f0efc1143a53da12b9487c7c,
        type: 3}
      propertyPath: m_Layer
      value: 20
      objectReference: {fileID: 0}
    - target: {fileID: 6598317894837402657, guid: 95bec368f0efc1143a53da12b9487c7c,
        type: 3}
      propertyPath: m_Layer
      value: 20
      objectReference: {fileID: 0}
    - target: {fileID: 6598317894878217046, guid: 95bec368f0efc1143a53da12b9487c7c,
        type: 3}
      propertyPath: m_Layer
      value: 20
      objectReference: {fileID: 0}
    - target: {fileID: 6680904592469544512, guid: 95bec368f0efc1143a53da12b9487c7c,
        type: 3}
      propertyPath: characterCamera
      value: 
      objectReference: {fileID: 6479865324520410249}
    - target: {fileID: 6680904592469544512, guid: 95bec368f0efc1143a53da12b9487c7c,
        type: 3}
      propertyPath: controller
      value: 
      objectReference: {fileID: 1460152145881153298}
    - target: {fileID: 6711751459906059357, guid: 95bec368f0efc1143a53da12b9487c7c,
        type: 3}
      propertyPath: m_Layer
      value: 20
      objectReference: {fileID: 0}
    - target: {fileID: 6949423456570915436, guid: 95bec368f0efc1143a53da12b9487c7c,
        type: 3}
      propertyPath: player
      value: 
      objectReference: {fileID: 3950244261370947623}
    - target: {fileID: 6949423456570915436, guid: 95bec368f0efc1143a53da12b9487c7c,
        type: 3}
      propertyPath: chest
      value: 
      objectReference: {fileID: 736019485854027400}
    - target: {fileID: 6949423456570915436, guid: 95bec368f0efc1143a53da12b9487c7c,
        type: 3}
      propertyPath: characterName
      value: Stanislas
      objectReference: {fileID: 0}
    - target: {fileID: 6949423456570915436, guid: 95bec368f0efc1143a53da12b9487c7c,
        type: 3}
      propertyPath: wwiseListener
      value: 
      objectReference: {fileID: 2103542325709833357}
    - target: {fileID: 6949423456570915436, guid: 95bec368f0efc1143a53da12b9487c7c,
        type: 3}
      propertyPath: leftFoot
      value: 
      objectReference: {fileID: 6618832526655576005}
    - target: {fileID: 6949423456570915436, guid: 95bec368f0efc1143a53da12b9487c7c,
        type: 3}
      propertyPath: rightFoot
      value: 
      objectReference: {fileID: 3250939726149856387}
    - target: {fileID: 7434777049487943575, guid: 95bec368f0efc1143a53da12b9487c7c,
        type: 3}
      propertyPath: m_Layer
      value: 20
      objectReference: {fileID: 0}
    - target: {fileID: 7623136536932761923, guid: 95bec368f0efc1143a53da12b9487c7c,
        type: 3}
      propertyPath: camera
      value: 
      objectReference: {fileID: 6479865324520771757}
    - target: {fileID: 9015198026282392830, guid: 95bec368f0efc1143a53da12b9487c7c,
        type: 3}
      propertyPath: healthManager
      value: 
      objectReference: {fileID: 2715085039902708215}
    - target: {fileID: 9015198026282392830, guid: 95bec368f0efc1143a53da12b9487c7c,
        type: 3}
      propertyPath: rigidBody
      value: 
      objectReference: {fileID: 222470917762713802}
    m_RemovedComponents: []
  m_SourcePrefab: {fileID: 100100000, guid: 95bec368f0efc1143a53da12b9487c7c, type: 3}
--- !u!1 &5172092030495612433 stripped
GameObject:
  m_CorrespondingSourceObject: {fileID: 3692226701088201695, guid: 95bec368f0efc1143a53da12b9487c7c,
    type: 3}
  m_PrefabInstance: {fileID: 8429501359316977102}
  m_PrefabAsset: {fileID: 0}
--- !u!95 &3812045684223058214 stripped
Animator:
  m_CorrespondingSourceObject: {fileID: 4619709744803734760, guid: 95bec368f0efc1143a53da12b9487c7c,
    type: 3}
  m_PrefabInstance: {fileID: 8429501359316977102}
  m_PrefabAsset: {fileID: 0}
--- !u!114 &2103542325709833357 stripped
MonoBehaviour:
  m_CorrespondingSourceObject: {fileID: 7623136536932761923, guid: 95bec368f0efc1143a53da12b9487c7c,
    type: 3}
  m_PrefabInstance: {fileID: 8429501359316977102}
  m_PrefabAsset: {fileID: 0}
  m_GameObject: {fileID: 5172092030495612433}
  m_Enabled: 1
  m_EditorHideFlags: 0
  m_Script: {fileID: 11500000, guid: d392c9c5627d6da4fa83d5be1f49a4d4, type: 3}
  m_Name: 
  m_EditorClassIdentifier: 
--- !u!1 &6618832526655576005 stripped
GameObject:
  m_CorrespondingSourceObject: {fileID: 3396078943237411339, guid: 95bec368f0efc1143a53da12b9487c7c,
    type: 3}
  m_PrefabInstance: {fileID: 8429501359316977102}
  m_PrefabAsset: {fileID: 0}
--- !u!1 &3250939726149856387 stripped
GameObject:
  m_CorrespondingSourceObject: {fileID: 6477920810091473229, guid: 95bec368f0efc1143a53da12b9487c7c,
    type: 3}
  m_PrefabInstance: {fileID: 8429501359316977102}
  m_PrefabAsset: {fileID: 0}
--- !u!1 &736019485854027400 stripped
GameObject:
  m_CorrespondingSourceObject: {fileID: 9137037290937944902, guid: 95bec368f0efc1143a53da12b9487c7c,
    type: 3}
  m_PrefabInstance: {fileID: 8429501359316977102}
  m_PrefabAsset: {fileID: 0}
--- !u!1 &7343917679687367766 stripped
GameObject:
  m_CorrespondingSourceObject: {fileID: 1229848747173427608, guid: 95bec368f0efc1143a53da12b9487c7c,
    type: 3}
  m_PrefabInstance: {fileID: 8429501359316977102}
  m_PrefabAsset: {fileID: 0}
