%YAML 1.1
%TAG !u! tag:unity3d.com,2011:
--- !u!1 &201198588437704478
GameObject:
  m_ObjectHideFlags: 0
  m_CorrespondingSourceObject: {fileID: 0}
  m_PrefabInstance: {fileID: 0}
  m_PrefabAsset: {fileID: 0}
  serializedVersion: 6
  m_Component:
  - component: {fileID: 7601503313209113280}
  m_Layer: 0
  m_Name: ---Collisions---
  m_TagString: Untagged
  m_Icon: {fileID: 0}
  m_NavMeshLayer: 0
  m_StaticEditorFlags: 0
  m_IsActive: 1
--- !u!4 &7601503313209113280
Transform:
  m_ObjectHideFlags: 0
  m_CorrespondingSourceObject: {fileID: 0}
  m_PrefabInstance: {fileID: 0}
  m_PrefabAsset: {fileID: 0}
  m_GameObject: {fileID: 201198588437704478}
  m_LocalRotation: {x: 0, y: 0, z: 0, w: 1}
  m_LocalPosition: {x: 0, y: 0, z: 0}
  m_LocalScale: {x: 1, y: 1, z: 1}
  m_Children:
  - {fileID: 2958540715283633173}
  - {fileID: 6478305301822401870}
  - {fileID: 2606142311332935859}
  - {fileID: 3618786769088134581}
  - {fileID: 1512598850542169592}
  m_Father: {fileID: 1131398257505758271}
  m_RootOrder: 3
  m_LocalEulerAnglesHint: {x: 0, y: 0, z: 0}
--- !u!114 &5794667748896541716
MonoBehaviour:
  m_ObjectHideFlags: 0
  m_CorrespondingSourceObject: {fileID: 0}
  m_PrefabInstance: {fileID: 0}
  m_PrefabAsset: {fileID: 0}
  m_GameObject: {fileID: 790153420706983265}
  m_Enabled: 1
  m_EditorHideFlags: 0
  m_Script: {fileID: 11500000, guid: a8773c123fd2548458f1fb08b7a1157b, type: 3}
  m_Name: 
  m_EditorClassIdentifier: 
  player: {fileID: 6957082512074147987}
  leftFoot: {fileID: 2264562983194693157}
  rightFoot: {fileID: 7916720333071129082}
  chest: {fileID: 2572996169681684083}
  characterName: Medusa
  wwiseListener: {fileID: 1402920751461171753}
--- !u!114 &7306311232358439270
MonoBehaviour:
  m_ObjectHideFlags: 0
  m_CorrespondingSourceObject: {fileID: 0}
  m_PrefabInstance: {fileID: 0}
  m_PrefabAsset: {fileID: 0}
  m_GameObject: {fileID: 790153420706983265}
  m_Enabled: 1
  m_EditorHideFlags: 0
  m_Script: {fileID: 11500000, guid: fbaa1f683d1836643ba73cfc80cb5e6e, type: 3}
  m_Name: 
  m_EditorClassIdentifier: 
  characterCamera: {fileID: 1131398257505758269}
  bodyUpdateRotationSpeed: 500
  controller: {fileID: 4763985100239822758}
--- !u!1 &1131398257506250777
GameObject:
  m_ObjectHideFlags: 0
  m_CorrespondingSourceObject: {fileID: 0}
  m_PrefabInstance: {fileID: 0}
  m_PrefabAsset: {fileID: 0}
  serializedVersion: 6
  m_Component:
  - component: {fileID: 1131398257505758269}
  - component: {fileID: 1131398257507365437}
  - component: {fileID: 1131398257509789213}
  - component: {fileID: 1131398257513801845}
  - component: {fileID: 1131398258974783533}
  - component: {fileID: 3266048084554091212}
  - component: {fileID: 1402920751461171753}
  m_Layer: 0
  m_Name: Camera
  m_TagString: MainCamera
  m_Icon: {fileID: 0}
  m_NavMeshLayer: 0
  m_StaticEditorFlags: 0
  m_IsActive: 1
--- !u!4 &1131398257505758269
Transform:
  m_ObjectHideFlags: 0
  m_CorrespondingSourceObject: {fileID: 0}
  m_PrefabInstance: {fileID: 0}
  m_PrefabAsset: {fileID: 0}
  m_GameObject: {fileID: 1131398257506250777}
  m_LocalRotation: {x: 0, y: 0, z: 0, w: 1}
  m_LocalPosition: {x: -0, y: 0.629, z: 0.064}
  m_LocalScale: {x: 1, y: 1, z: 1}
  m_Children:
  - {fileID: 6798086249627999386}
  m_Father: {fileID: 1131398257505758271}
  m_RootOrder: 1
  m_LocalEulerAnglesHint: {x: 0, y: 0, z: 0}
--- !u!20 &1131398257507365437
Camera:
  m_ObjectHideFlags: 0
  m_CorrespondingSourceObject: {fileID: 0}
  m_PrefabInstance: {fileID: 0}
  m_PrefabAsset: {fileID: 0}
  m_GameObject: {fileID: 1131398257506250777}
  m_Enabled: 1
  serializedVersion: 2
  m_ClearFlags: 1
  m_BackGroundColor: {r: 0.19215687, g: 0.3019608, b: 0.4745098, a: 0.019607844}
  m_projectionMatrixMode: 1
  m_GateFitMode: 2
  m_FOVAxisMode: 0
  m_SensorSize: {x: 36, y: 24}
  m_LensShift: {x: 0, y: 0}
  m_FocalLength: 50
  m_NormalizedViewPortRect:
    serializedVersion: 2
    x: 0
    y: 0
    width: 0.5
    height: 0.5
  near clip plane: 0.1
  far clip plane: 500
  field of view: 60
  orthographic: 0
  orthographic size: 5
  m_Depth: 0
  m_CullingMask:
    serializedVersion: 2
    m_Bits: 4294967295
  m_RenderingPath: -1
  m_TargetTexture: {fileID: 0}
  m_TargetDisplay: 0
  m_TargetEye: 3
  m_HDR: 0
  m_AllowMSAA: 1
  m_AllowDynamicResolution: 0
  m_ForceIntoRT: 0
  m_OcclusionCulling: 1
  m_StereoConvergence: 10
  m_StereoSeparation: 0.022
--- !u!81 &1131398257509789213
AudioListener:
  m_ObjectHideFlags: 0
  m_CorrespondingSourceObject: {fileID: 0}
  m_PrefabInstance: {fileID: 0}
  m_PrefabAsset: {fileID: 0}
  m_GameObject: {fileID: 1131398257506250777}
  m_Enabled: 1
--- !u!124 &1131398257513801845
Behaviour:
  m_ObjectHideFlags: 0
  m_CorrespondingSourceObject: {fileID: 0}
  m_PrefabInstance: {fileID: 0}
  m_PrefabAsset: {fileID: 0}
  m_GameObject: {fileID: 1131398257506250777}
  m_Enabled: 1
--- !u!114 &1131398258974783533
MonoBehaviour:
  m_ObjectHideFlags: 0
  m_CorrespondingSourceObject: {fileID: 0}
  m_PrefabInstance: {fileID: 0}
  m_PrefabAsset: {fileID: 0}
  m_GameObject: {fileID: 1131398257506250777}
  m_Enabled: 1
  m_EditorHideFlags: 0
  m_Script: {fileID: 11500000, guid: a79441f348de89743a2939f4d699eac1, type: 3}
  m_Name: 
  m_EditorClassIdentifier: 
  m_RenderShadows: 1
  m_RequiresDepthTextureOption: 2
  m_RequiresOpaqueTextureOption: 2
  m_CameraType: 0
  m_Cameras:
  - {fileID: 7477599298078391321}
  m_RendererIndex: -1
  m_VolumeLayerMask:
    serializedVersion: 2
    m_Bits: 1
  m_VolumeTrigger: {fileID: 0}
  m_RenderPostProcessing: 1
  m_Antialiasing: 0
  m_AntialiasingQuality: 2
  m_StopNaN: 0
  m_Dithering: 0
  m_ClearDepth: 1
  m_RequiresDepthTexture: 0
  m_RequiresColorTexture: 0
  m_Version: 2
--- !u!114 &3266048084554091212
MonoBehaviour:
  m_ObjectHideFlags: 0
  m_CorrespondingSourceObject: {fileID: 0}
  m_PrefabInstance: {fileID: 0}
  m_PrefabAsset: {fileID: 0}
  m_GameObject: {fileID: 1131398257506250777}
  m_Enabled: 1
  m_EditorHideFlags: 0
  m_Script: {fileID: 11500000, guid: fd9558e2e2f7462783783a4a2e9904a0, type: 3}
  m_Name: 
  m_EditorClassIdentifier: 
  settings: {fileID: 11400000, guid: fe0f03977ea85bd45994262e06dc473a, type: 2}
  camParent: {fileID: 1131398257506250779}
  _sensitivity: {x: 0, y: 0}
--- !u!114 &1402920751461171753
MonoBehaviour:
  m_ObjectHideFlags: 0
  m_CorrespondingSourceObject: {fileID: 0}
  m_PrefabInstance: {fileID: 0}
  m_PrefabAsset: {fileID: 0}
  m_GameObject: {fileID: 1131398257506250777}
  m_Enabled: 1
  m_EditorHideFlags: 0
  m_Script: {fileID: 11500000, guid: d392c9c5627d6da4fa83d5be1f49a4d4, type: 3}
  m_Name: 
  m_EditorClassIdentifier: 
  VolumesOffset:
  - 0
  - 0
--- !u!1 &1131398257506250779
GameObject:
  m_ObjectHideFlags: 0
  m_CorrespondingSourceObject: {fileID: 0}
  m_PrefabInstance: {fileID: 0}
  m_PrefabAsset: {fileID: 0}
  serializedVersion: 6
  m_Component:
  - component: {fileID: 1131398257505758271}
  - component: {fileID: 1131398259135822818}
  - component: {fileID: 8355154652742398275}
  - component: {fileID: 4763985100239822758}
  - component: {fileID: 6145429457798916222}
  - component: {fileID: 5115209175519678454}
  - component: {fileID: 6957082512074147987}
  m_Layer: 0
  m_Name: Medusa
  m_TagString: Untagged
  m_Icon: {fileID: 0}
  m_NavMeshLayer: 0
  m_StaticEditorFlags: 0
  m_IsActive: 1
--- !u!4 &1131398257505758271
Transform:
  m_ObjectHideFlags: 0
  m_CorrespondingSourceObject: {fileID: 0}
  m_PrefabInstance: {fileID: 0}
  m_PrefabAsset: {fileID: 0}
  m_GameObject: {fileID: 1131398257506250779}
  m_LocalRotation: {x: 0, y: 0, z: 0, w: 1}
  m_LocalPosition: {x: 0, y: 0, z: 0}
  m_LocalScale: {x: 1, y: 1, z: 1}
  m_Children:
  - {fileID: 4371985342800748402}
  - {fileID: 1131398257505758269}
  - {fileID: 6758568508972492220}
  - {fileID: 7601503313209113280}
  m_Father: {fileID: 0}
  m_RootOrder: 0
  m_LocalEulerAnglesHint: {x: 0, y: 0, z: 0}
--- !u!114 &1131398259135822818
MonoBehaviour:
  m_ObjectHideFlags: 0
  m_CorrespondingSourceObject: {fileID: 0}
  m_PrefabInstance: {fileID: 0}
  m_PrefabAsset: {fileID: 0}
  m_GameObject: {fileID: 1131398257506250779}
  m_Enabled: 1
  m_EditorHideFlags: 0
  m_Script: {fileID: 11500000, guid: 62899f850307741f2a39c98a8b639597, type: 3}
  m_Name: 
  m_EditorClassIdentifier: 
  m_Actions: {fileID: -944628639613478452, guid: d713baecb863bda4980e13a260717181,
    type: 3}
  m_NotificationBehavior: 3
  m_UIInputModule: {fileID: 0}
  m_DeviceLostEvent:
    m_PersistentCalls:
      m_Calls: []
  m_DeviceRegainedEvent:
    m_PersistentCalls:
      m_Calls: []
  m_ControlsChangedEvent:
    m_PersistentCalls:
      m_Calls: []
  m_ActionEvents: []
  m_NeverAutoSwitchControlSchemes: 0
  m_DefaultControlScheme: 
  m_DefaultActionMap: Arena
  m_SplitScreenIndex: -1
  m_Camera: {fileID: 1131398257507365437}
--- !u!114 &8355154652742398275
MonoBehaviour:
  m_ObjectHideFlags: 0
  m_CorrespondingSourceObject: {fileID: 0}
  m_PrefabInstance: {fileID: 0}
  m_PrefabAsset: {fileID: 0}
  m_GameObject: {fileID: 1131398257506250779}
  m_Enabled: 1
  m_EditorHideFlags: 0
  m_Script: {fileID: 11500000, guid: f84ffa7619ad02145bd1a8bb12ace295, type: 3}
  m_Name: 
  m_EditorClassIdentifier: 
  maxHealth: 100
  health: 100
  points:
  - {fileID: 7533949636829449343}
  - {fileID: 4682454249869535754}
  - {fileID: 2426100457480813266}
  - {fileID: 5266171144094101900}
  - {fileID: 4791015012538909719}
  canTakeDamage: 1
--- !u!143 &4763985100239822758
CharacterController:
  m_ObjectHideFlags: 0
  m_CorrespondingSourceObject: {fileID: 0}
  m_PrefabInstance: {fileID: 0}
  m_PrefabAsset: {fileID: 0}
  m_GameObject: {fileID: 1131398257506250779}
  m_Material: {fileID: 0}
  m_IsTrigger: 0
  m_Enabled: 1
  serializedVersion: 2
  m_Height: 2
  m_Radius: 0.3
  m_SlopeLimit: 45
  m_StepOffset: 0.51
  m_SkinWidth: 0.08
  m_MinMoveDistance: 0.001
  m_Center: {x: 0, y: 0, z: 0}
--- !u!54 &6145429457798916222
Rigidbody:
  m_ObjectHideFlags: 0
  m_CorrespondingSourceObject: {fileID: 0}
  m_PrefabInstance: {fileID: 0}
  m_PrefabAsset: {fileID: 0}
  m_GameObject: {fileID: 1131398257506250779}
  serializedVersion: 2
  m_Mass: 1
  m_Drag: 0
  m_AngularDrag: 0.05
  m_UseGravity: 1
  m_IsKinematic: 1
  m_Interpolate: 0
  m_Constraints: 0
  m_CollisionDetection: 0
--- !u!114 &5115209175519678454
MonoBehaviour:
  m_ObjectHideFlags: 0
  m_CorrespondingSourceObject: {fileID: 0}
  m_PrefabInstance: {fileID: 0}
  m_PrefabAsset: {fileID: 0}
  m_GameObject: {fileID: 1131398257506250779}
  m_Enabled: 1
  m_EditorHideFlags: 0
  m_Script: {fileID: 11500000, guid: 05ec5cf00ca181d45a42ba1870e148c3, type: 3}
  m_Name: 
  m_EditorClassIdentifier: 
  isCrouching: 0
  isRunning: 0
  isStaring: 0
  isOnFlatFloor: 0
  m_CharacterController: {fileID: 0}
  m_FovKick:
    Camera: {fileID: 0}
    originalFov: 0
    FOVIncrease: 3
    TimeToIncrease: 1
    TimeToDecrease: 1
    IncreaseCurve:
      serializedVersion: 2
      m_Curve:
      - serializedVersion: 3
        time: 0
        value: 0
        inSlope: 0
        outSlope: 0
        tangentMode: 0
        weightedMode: 0
        inWeight: 0.33333334
        outWeight: 0.33333334
      - serializedVersion: 3
        time: 1
        value: 1
        inSlope: 2
        outSlope: 2
        tangentMode: 0
        weightedMode: 0
        inWeight: 0.33333334
        outWeight: 0.33333334
      m_PreInfinity: 2
      m_PostInfinity: 2
      m_RotationOrder: 4
  m_HeadBob:
    HorizontalBobRange: 0.1
    VerticalBobRange: 0.1
    Bobcurve:
      serializedVersion: 2
      m_Curve:
      - serializedVersion: 3
        time: 0
        value: 0
        inSlope: 0
        outSlope: 0
        tangentMode: 0
        weightedMode: 0
        inWeight: 0.33333334
        outWeight: 0.33333334
      - serializedVersion: 3
        time: 0.5
        value: 1
        inSlope: 0
        outSlope: 0
        tangentMode: 0
        weightedMode: 0
        inWeight: 0.33333334
        outWeight: 0.33333334
      - serializedVersion: 3
        time: 1
        value: 0
        inSlope: 0
        outSlope: 0
        tangentMode: 0
        weightedMode: 0
        inWeight: 0.33333334
        outWeight: 0.33333334
      - serializedVersion: 3
        time: 1.5
        value: -1
        inSlope: 0
        outSlope: 0
        tangentMode: 0
        weightedMode: 0
        inWeight: 0.33333334
        outWeight: 0.33333334
      - serializedVersion: 3
        time: 2
        value: 0
        inSlope: 0
        outSlope: 0
        tangentMode: 0
        weightedMode: 0
        inWeight: 0.33333334
        outWeight: 0.33333334
      m_PreInfinity: 2
      m_PostInfinity: 2
      m_RotationOrder: 4
    VerticaltoHorizontalRatio: 2
  m_JumpBob:
    BobDuration: 0.2
    BobAmount: 0.1
  settings: {fileID: 11400000, guid: 717663e16327e1f4690db5ae7b8bc925, type: 2}
  animator: {fileID: 5919535586670998024}
  feet: {fileID: 2264562983194693157}
  minRayToGround: 3
  maxDistanceToCheck: 0.5
  hitNormal: {x: 0, y: 0, z: 0}
  sphereCastLayerMask:
    serializedVersion: 2
    m_Bits: 4294967295
  _velocity: {x: 0, y: 0, z: 0}
--- !u!114 &6957082512074147987
MonoBehaviour:
  m_ObjectHideFlags: 0
  m_CorrespondingSourceObject: {fileID: 0}
  m_PrefabInstance: {fileID: 0}
  m_PrefabAsset: {fileID: 0}
  m_GameObject: {fileID: 1131398257506250779}
  m_Enabled: 1
  m_EditorHideFlags: 0
  m_Script: {fileID: 11500000, guid: 8697fee92cfe4c441803b3d6843ce752, type: 3}
  m_Name: 
  m_EditorClassIdentifier: 
  controller: {fileID: 5115209175519678454}
  cameraMovement: {fileID: 3266048084554091212}
  stareHandler: {fileID: 1877292188486288190}
  health: {fileID: 8355154652742398275}
  collisionParent: {fileID: 201198588437704478}
--- !u!1 &1996376944370246682
GameObject:
  m_ObjectHideFlags: 0
  m_CorrespondingSourceObject: {fileID: 0}
  m_PrefabInstance: {fileID: 0}
  m_PrefabAsset: {fileID: 0}
  serializedVersion: 6
  m_Component:
  - component: {fileID: 6478305301822401870}
  - component: {fileID: 4682454249869535754}
  - component: {fileID: 6067196958850662894}
  m_Layer: 0
  m_Name: Point2
  m_TagString: Untagged
  m_Icon: {fileID: -964228994112308473, guid: 0000000000000000d000000000000000, type: 0}
  m_NavMeshLayer: 0
  m_StaticEditorFlags: 0
  m_IsActive: 1
--- !u!4 &6478305301822401870
Transform:
  m_ObjectHideFlags: 0
  m_CorrespondingSourceObject: {fileID: 0}
  m_PrefabInstance: {fileID: 0}
  m_PrefabAsset: {fileID: 0}
  m_GameObject: {fileID: 1996376944370246682}
  m_LocalRotation: {x: 0, y: 0, z: 0, w: 1}
  m_LocalPosition: {x: -0.546, y: 0.516, z: 0}
  m_LocalScale: {x: 1, y: 1, z: 1}
  m_Children: []
  m_Father: {fileID: 7601503313209113280}
  m_RootOrder: 1
  m_LocalEulerAnglesHint: {x: 0, y: 0, z: 0}
--- !u!114 &4682454249869535754
MonoBehaviour:
  m_ObjectHideFlags: 0
  m_CorrespondingSourceObject: {fileID: 0}
  m_PrefabInstance: {fileID: 0}
  m_PrefabAsset: {fileID: 0}
  m_GameObject: {fileID: 1996376944370246682}
  m_Enabled: 1
  m_EditorHideFlags: 0
  m_Script: {fileID: 11500000, guid: 8c7c0e2c243f4084bcf0749ac23cff34, type: 3}
  m_Name: 
  m_EditorClassIdentifier: 
  healthManager: {fileID: 8355154652742398275}
  rigidBody: {fileID: 6145429457798916222}
--- !u!65 &6067196958850662894
BoxCollider:
  m_ObjectHideFlags: 0
  m_CorrespondingSourceObject: {fileID: 0}
  m_PrefabInstance: {fileID: 0}
  m_PrefabAsset: {fileID: 0}
  m_GameObject: {fileID: 1996376944370246682}
  m_Material: {fileID: 0}
  m_IsTrigger: 1
  m_Enabled: 1
  serializedVersion: 2
  m_Size: {x: 0.25, y: 0.25, z: 0.25}
  m_Center: {x: 0, y: 0, z: 0}
--- !u!1 &3175282224532484277
GameObject:
  m_ObjectHideFlags: 0
  m_CorrespondingSourceObject: {fileID: 0}
  m_PrefabInstance: {fileID: 0}
  m_PrefabAsset: {fileID: 0}
  serializedVersion: 6
  m_Component:
  - component: {fileID: 6798086249627999386}
  - component: {fileID: 1877292188486288190}
  m_Layer: 0
  m_Name: Stare
  m_TagString: Untagged
  m_Icon: {fileID: 0}
  m_NavMeshLayer: 0
  m_StaticEditorFlags: 0
  m_IsActive: 1
--- !u!4 &6798086249627999386
Transform:
  m_ObjectHideFlags: 0
  m_CorrespondingSourceObject: {fileID: 0}
  m_PrefabInstance: {fileID: 0}
  m_PrefabAsset: {fileID: 0}
  m_GameObject: {fileID: 3175282224532484277}
  m_LocalRotation: {x: -0, y: -0, z: -0, w: 1}
  m_LocalPosition: {x: 0, y: 0, z: 0.583}
  m_LocalScale: {x: 1, y: 1, z: 1}
  m_Children: []
  m_Father: {fileID: 1131398257505758269}
  m_RootOrder: 0
  m_LocalEulerAnglesHint: {x: 0, y: 0, z: 0}
--- !u!114 &1877292188486288190
MonoBehaviour:
  m_ObjectHideFlags: 0
  m_CorrespondingSourceObject: {fileID: 0}
  m_PrefabInstance: {fileID: 0}
  m_PrefabAsset: {fileID: 0}
  m_GameObject: {fileID: 3175282224532484277}
  m_Enabled: 1
  m_EditorHideFlags: 0
  m_Script: {fileID: 11500000, guid: cc710093fd5402b4e98eaf735b2d4a59, type: 3}
  m_Name: 
  m_EditorClassIdentifier: 
  isStaring: 0
  camera: {fileID: 1131398257507365437}
  playersHitDuringThisFrame: []
  UIManager: {fileID: 3858720581542007747}
  debugRay: 0
  mask:
    serializedVersion: 2
    m_Bits: 0
  stareParams: {fileID: 11400000, guid: 507224a5eabaee349a9f4d0af17b8c88, type: 2}
--- !u!1 &4609821810698127033
GameObject:
  m_ObjectHideFlags: 0
  m_CorrespondingSourceObject: {fileID: 0}
  m_PrefabInstance: {fileID: 0}
  m_PrefabAsset: {fileID: 0}
  serializedVersion: 6
  m_Component:
  - component: {fileID: 2958540715283633173}
  - component: {fileID: 7533949636829449343}
  - component: {fileID: 3305743144027859733}
  m_Layer: 0
  m_Name: Point1
  m_TagString: Untagged
  m_Icon: {fileID: -964228994112308473, guid: 0000000000000000d000000000000000, type: 0}
  m_NavMeshLayer: 0
  m_StaticEditorFlags: 0
  m_IsActive: 1
--- !u!4 &2958540715283633173
Transform:
  m_ObjectHideFlags: 0
  m_CorrespondingSourceObject: {fileID: 0}
  m_PrefabInstance: {fileID: 0}
  m_PrefabAsset: {fileID: 0}
  m_GameObject: {fileID: 4609821810698127033}
  m_LocalRotation: {x: 0, y: 0, z: 0, w: 1}
  m_LocalPosition: {x: 0.458, y: 0.516, z: 0}
  m_LocalScale: {x: 1, y: 1, z: 1}
  m_Children: []
  m_Father: {fileID: 7601503313209113280}
  m_RootOrder: 0
  m_LocalEulerAnglesHint: {x: 0, y: 0, z: 0}
--- !u!114 &7533949636829449343
MonoBehaviour:
  m_ObjectHideFlags: 0
  m_CorrespondingSourceObject: {fileID: 0}
  m_PrefabInstance: {fileID: 0}
  m_PrefabAsset: {fileID: 0}
  m_GameObject: {fileID: 4609821810698127033}
  m_Enabled: 1
  m_EditorHideFlags: 0
  m_Script: {fileID: 11500000, guid: 8c7c0e2c243f4084bcf0749ac23cff34, type: 3}
  m_Name: 
  m_EditorClassIdentifier: 
  healthManager: {fileID: 8355154652742398275}
  rigidBody: {fileID: 6145429457798916222}
--- !u!65 &3305743144027859733
BoxCollider:
  m_ObjectHideFlags: 0
  m_CorrespondingSourceObject: {fileID: 0}
  m_PrefabInstance: {fileID: 0}
  m_PrefabAsset: {fileID: 0}
  m_GameObject: {fileID: 4609821810698127033}
  m_Material: {fileID: 0}
  m_IsTrigger: 1
  m_Enabled: 1
  serializedVersion: 2
  m_Size: {x: 0.25, y: 0.25, z: 0.25}
  m_Center: {x: 0, y: 0, z: 0}
--- !u!1 &5509169831850686329
GameObject:
  m_ObjectHideFlags: 0
  m_CorrespondingSourceObject: {fileID: 0}
  m_PrefabInstance: {fileID: 0}
  m_PrefabAsset: {fileID: 0}
  serializedVersion: 6
  m_Component:
  - component: {fileID: 1512598850542169592}
  - component: {fileID: 4791015012538909719}
  - component: {fileID: 1275614063413793660}
  m_Layer: 0
  m_Name: Point5
  m_TagString: Untagged
  m_Icon: {fileID: -964228994112308473, guid: 0000000000000000d000000000000000, type: 0}
  m_NavMeshLayer: 0
  m_StaticEditorFlags: 0
  m_IsActive: 1
--- !u!4 &1512598850542169592
Transform:
  m_ObjectHideFlags: 0
  m_CorrespondingSourceObject: {fileID: 0}
  m_PrefabInstance: {fileID: 0}
  m_PrefabAsset: {fileID: 0}
  m_GameObject: {fileID: 5509169831850686329}
  m_LocalRotation: {x: 0, y: 0, z: 0, w: 1}
  m_LocalPosition: {x: -0.402, y: -0.705, z: 0}
  m_LocalScale: {x: 1, y: 1, z: 1}
  m_Children: []
  m_Father: {fileID: 7601503313209113280}
  m_RootOrder: 4
  m_LocalEulerAnglesHint: {x: 0, y: 0, z: 0}
--- !u!114 &4791015012538909719
MonoBehaviour:
  m_ObjectHideFlags: 0
  m_CorrespondingSourceObject: {fileID: 0}
  m_PrefabInstance: {fileID: 0}
  m_PrefabAsset: {fileID: 0}
  m_GameObject: {fileID: 5509169831850686329}
  m_Enabled: 1
  m_EditorHideFlags: 0
  m_Script: {fileID: 11500000, guid: 8c7c0e2c243f4084bcf0749ac23cff34, type: 3}
  m_Name: 
  m_EditorClassIdentifier: 
  healthManager: {fileID: 8355154652742398275}
  rigidBody: {fileID: 6145429457798916222}
--- !u!65 &1275614063413793660
BoxCollider:
  m_ObjectHideFlags: 0
  m_CorrespondingSourceObject: {fileID: 0}
  m_PrefabInstance: {fileID: 0}
  m_PrefabAsset: {fileID: 0}
  m_GameObject: {fileID: 5509169831850686329}
  m_Material: {fileID: 0}
  m_IsTrigger: 1
  m_Enabled: 1
  serializedVersion: 2
  m_Size: {x: 0.25, y: 0.25, z: 0.25}
  m_Center: {x: 0, y: 0, z: 0}
--- !u!1 &8004435537907672834
GameObject:
  m_ObjectHideFlags: 0
  m_CorrespondingSourceObject: {fileID: 0}
  m_PrefabInstance: {fileID: 0}
  m_PrefabAsset: {fileID: 0}
  serializedVersion: 6
  m_Component:
  - component: {fileID: 3618786769088134581}
  - component: {fileID: 5266171144094101900}
  - component: {fileID: 7852366552563845463}
  m_Layer: 0
  m_Name: Point4
  m_TagString: Untagged
  m_Icon: {fileID: -964228994112308473, guid: 0000000000000000d000000000000000, type: 0}
  m_NavMeshLayer: 0
  m_StaticEditorFlags: 0
  m_IsActive: 1
--- !u!4 &3618786769088134581
Transform:
  m_ObjectHideFlags: 0
  m_CorrespondingSourceObject: {fileID: 0}
  m_PrefabInstance: {fileID: 0}
  m_PrefabAsset: {fileID: 0}
  m_GameObject: {fileID: 8004435537907672834}
  m_LocalRotation: {x: 0, y: 0, z: 0, w: 1}
  m_LocalPosition: {x: 0.274, y: -0.705, z: 0}
  m_LocalScale: {x: 1, y: 1, z: 1}
  m_Children: []
  m_Father: {fileID: 7601503313209113280}
  m_RootOrder: 3
  m_LocalEulerAnglesHint: {x: 0, y: 0, z: 0}
--- !u!114 &5266171144094101900
MonoBehaviour:
  m_ObjectHideFlags: 0
  m_CorrespondingSourceObject: {fileID: 0}
  m_PrefabInstance: {fileID: 0}
  m_PrefabAsset: {fileID: 0}
  m_GameObject: {fileID: 8004435537907672834}
  m_Enabled: 1
  m_EditorHideFlags: 0
  m_Script: {fileID: 11500000, guid: 8c7c0e2c243f4084bcf0749ac23cff34, type: 3}
  m_Name: 
  m_EditorClassIdentifier: 
  healthManager: {fileID: 8355154652742398275}
  rigidBody: {fileID: 6145429457798916222}
--- !u!65 &7852366552563845463
BoxCollider:
  m_ObjectHideFlags: 0
  m_CorrespondingSourceObject: {fileID: 0}
  m_PrefabInstance: {fileID: 0}
  m_PrefabAsset: {fileID: 0}
  m_GameObject: {fileID: 8004435537907672834}
  m_Material: {fileID: 0}
  m_IsTrigger: 1
  m_Enabled: 1
  serializedVersion: 2
  m_Size: {x: 0.25, y: 0.25, z: 0.25}
  m_Center: {x: 0, y: 0, z: 0}
--- !u!1 &9030430164446420631
GameObject:
  m_ObjectHideFlags: 0
  m_CorrespondingSourceObject: {fileID: 0}
  m_PrefabInstance: {fileID: 0}
  m_PrefabAsset: {fileID: 0}
  serializedVersion: 6
  m_Component:
  - component: {fileID: 2606142311332935859}
  - component: {fileID: 2426100457480813266}
  - component: {fileID: 5845799497206541968}
  m_Layer: 0
  m_Name: Point3
  m_TagString: Untagged
  m_Icon: {fileID: -964228994112308473, guid: 0000000000000000d000000000000000, type: 0}
  m_NavMeshLayer: 0
  m_StaticEditorFlags: 0
  m_IsActive: 1
--- !u!4 &2606142311332935859
Transform:
  m_ObjectHideFlags: 0
  m_CorrespondingSourceObject: {fileID: 0}
  m_PrefabInstance: {fileID: 0}
  m_PrefabAsset: {fileID: 0}
  m_GameObject: {fileID: 9030430164446420631}
  m_LocalRotation: {x: 0, y: 0, z: 0, w: 1}
  m_LocalPosition: {x: 0.123, y: 0.76, z: 0}
  m_LocalScale: {x: 1, y: 1, z: 1}
  m_Children: []
  m_Father: {fileID: 7601503313209113280}
  m_RootOrder: 2
  m_LocalEulerAnglesHint: {x: 0, y: 0, z: 0}
--- !u!114 &2426100457480813266
MonoBehaviour:
  m_ObjectHideFlags: 0
  m_CorrespondingSourceObject: {fileID: 0}
  m_PrefabInstance: {fileID: 0}
  m_PrefabAsset: {fileID: 0}
  m_GameObject: {fileID: 9030430164446420631}
  m_Enabled: 1
  m_EditorHideFlags: 0
  m_Script: {fileID: 11500000, guid: 8c7c0e2c243f4084bcf0749ac23cff34, type: 3}
  m_Name: 
  m_EditorClassIdentifier: 
  healthManager: {fileID: 8355154652742398275}
  rigidBody: {fileID: 6145429457798916222}
--- !u!65 &5845799497206541968
BoxCollider:
  m_ObjectHideFlags: 0
  m_CorrespondingSourceObject: {fileID: 0}
  m_PrefabInstance: {fileID: 0}
  m_PrefabAsset: {fileID: 0}
  m_GameObject: {fileID: 9030430164446420631}
  m_Material: {fileID: 0}
  m_IsTrigger: 1
  m_Enabled: 1
  serializedVersion: 2
  m_Size: {x: 0.25, y: 0.25, z: 0.25}
  m_Center: {x: 0, y: 0, z: 0}
--- !u!1001 &8779447858891060328
PrefabInstance:
  m_ObjectHideFlags: 0
  serializedVersion: 2
  m_Modification:
    m_TransformParent: {fileID: 1131398257505758271}
    m_Modifications:
    - target: {fileID: -6057140222963153312, guid: 01d1208320d409540a29f9993df62f83,
        type: 3}
      propertyPath: m_Controller
      value: 
      objectReference: {fileID: 22100000, guid: 10614f035707a724c9350741bcb60b18,
        type: 2}
    - target: {fileID: -4216859302048453862, guid: 01d1208320d409540a29f9993df62f83,
        type: 3}
      propertyPath: m_LocalPosition.x
      value: 0
      objectReference: {fileID: 0}
    - target: {fileID: -4216859302048453862, guid: 01d1208320d409540a29f9993df62f83,
        type: 3}
      propertyPath: m_LocalPosition.y
      value: -0.715
      objectReference: {fileID: 0}
    - target: {fileID: -4216859302048453862, guid: 01d1208320d409540a29f9993df62f83,
        type: 3}
      propertyPath: m_LocalPosition.z
      value: 0
      objectReference: {fileID: 0}
    - target: {fileID: -4216859302048453862, guid: 01d1208320d409540a29f9993df62f83,
        type: 3}
      propertyPath: m_LocalRotation.x
      value: -0
      objectReference: {fileID: 0}
    - target: {fileID: -4216859302048453862, guid: 01d1208320d409540a29f9993df62f83,
        type: 3}
      propertyPath: m_LocalRotation.y
      value: -0
      objectReference: {fileID: 0}
    - target: {fileID: -4216859302048453862, guid: 01d1208320d409540a29f9993df62f83,
        type: 3}
      propertyPath: m_LocalRotation.z
      value: -0
      objectReference: {fileID: 0}
    - target: {fileID: -4216859302048453862, guid: 01d1208320d409540a29f9993df62f83,
        type: 3}
      propertyPath: m_LocalRotation.w
      value: 1
      objectReference: {fileID: 0}
    - target: {fileID: -4216859302048453862, guid: 01d1208320d409540a29f9993df62f83,
        type: 3}
      propertyPath: m_RootOrder
      value: 0
      objectReference: {fileID: 0}
    - target: {fileID: -4216859302048453862, guid: 01d1208320d409540a29f9993df62f83,
        type: 3}
      propertyPath: m_LocalEulerAnglesHint.x
      value: 0
      objectReference: {fileID: 0}
    - target: {fileID: -4216859302048453862, guid: 01d1208320d409540a29f9993df62f83,
        type: 3}
      propertyPath: m_LocalEulerAnglesHint.y
      value: 0
      objectReference: {fileID: 0}
    - target: {fileID: -4216859302048453862, guid: 01d1208320d409540a29f9993df62f83,
        type: 3}
      propertyPath: m_LocalEulerAnglesHint.z
      value: 0
      objectReference: {fileID: 0}
    - target: {fileID: -1908377141972725811, guid: 01d1208320d409540a29f9993df62f83,
        type: 3}
      propertyPath: m_LocalRotation.z
      value: -0.0042371303
      objectReference: {fileID: 0}
    - target: {fileID: -1908377141972725811, guid: 01d1208320d409540a29f9993df62f83,
        type: 3}
      propertyPath: m_LocalRotation.x
      value: -0.00007433985
      objectReference: {fileID: 0}
    - target: {fileID: -927199367670048503, guid: 01d1208320d409540a29f9993df62f83,
        type: 3}
      propertyPath: m_Name
      value: MEdusa full animation
      objectReference: {fileID: 0}
    - target: {fileID: 2419995811091990733, guid: f748229cd4734834a93d98227304ce5d,
        type: 3}
      propertyPath: m_Controller
      value: 
      objectReference: {fileID: 22100000, guid: 10614f035707a724c9350741bcb60b18,
        type: 2}
    - target: {fileID: 5701432470986483127, guid: f748229cd4734834a93d98227304ce5d,
        type: 3}
      propertyPath: m_Controller
      value: 
      objectReference: {fileID: 22100000, guid: 10614f035707a724c9350741bcb60b18,
        type: 2}
    - target: {fileID: 8061776797653713248, guid: f748229cd4734834a93d98227304ce5d,
        type: 3}
      propertyPath: m_LocalRotation.x
      value: -0.00007433987
      objectReference: {fileID: 0}
    - target: {fileID: 8061776797653713248, guid: f748229cd4734834a93d98227304ce5d,
        type: 3}
      propertyPath: m_LocalRotation.z
      value: -0.004237131
      objectReference: {fileID: 0}
    - target: {fileID: 8738345877343573924, guid: f748229cd4734834a93d98227304ce5d,
        type: 3}
      propertyPath: m_LocalRotation.x
      value: -0.00007433985
      objectReference: {fileID: 0}
    m_RemovedComponents: []
  m_SourcePrefab: {fileID: 100100000, guid: 01d1208320d409540a29f9993df62f83, type: 3}
--- !u!4 &4371985342800748402 stripped
Transform:
  m_CorrespondingSourceObject: {fileID: -4216859302048453862, guid: 01d1208320d409540a29f9993df62f83,
    type: 3}
  m_PrefabInstance: {fileID: 8779447858891060328}
  m_PrefabAsset: {fileID: 0}
--- !u!1 &7916720333071129082 stripped
GameObject:
  m_CorrespondingSourceObject: {fileID: -7779112398567051886, guid: 01d1208320d409540a29f9993df62f83,
    type: 3}
  m_PrefabInstance: {fileID: 8779447858891060328}
  m_PrefabAsset: {fileID: 0}
--- !u!1 &2264562983194693157 stripped
GameObject:
  m_CorrespondingSourceObject: {fileID: -1820715084057249203, guid: 01d1208320d409540a29f9993df62f83,
    type: 3}
  m_PrefabInstance: {fileID: 8779447858891060328}
  m_PrefabAsset: {fileID: 0}
--- !u!1 &790153420706983265 stripped
GameObject:
  m_CorrespondingSourceObject: {fileID: -927199367670048503, guid: 01d1208320d409540a29f9993df62f83,
    type: 3}
  m_PrefabInstance: {fileID: 8779447858891060328}
  m_PrefabAsset: {fileID: 0}
--- !u!1 &2572996169681684083 stripped
GameObject:
  m_CorrespondingSourceObject: {fileID: -2710107949902941669, guid: 01d1208320d409540a29f9993df62f83,
    type: 3}
  m_PrefabInstance: {fileID: 8779447858891060328}
  m_PrefabAsset: {fileID: 0}
--- !u!95 &5919535586670998024 stripped
Animator:
  m_CorrespondingSourceObject: {fileID: -6057140222963153312, guid: 01d1208320d409540a29f9993df62f83,
    type: 3}
  m_PrefabInstance: {fileID: 8779447858891060328}
  m_PrefabAsset: {fileID: 0}
--- !u!1001 &9108832023174719269
PrefabInstance:
  m_ObjectHideFlags: 0
  serializedVersion: 2
  m_Modification:
    m_TransformParent: {fileID: 1131398257505758271}
    m_Modifications:
    - target: {fileID: 113234752716882703, guid: 8187908f1cb87fb4885e168f51a6c841,
        type: 3}
      propertyPath: m_textInfo.characterCount
      value: 1
      objectReference: {fileID: 0}
    - target: {fileID: 113234752716882703, guid: 8187908f1cb87fb4885e168f51a6c841,
        type: 3}
      propertyPath: m_textInfo.wordCount
      value: 1
      objectReference: {fileID: 0}
    - target: {fileID: 113234752716882703, guid: 8187908f1cb87fb4885e168f51a6c841,
        type: 3}
      propertyPath: m_textInfo.lineCount
      value: 1
      objectReference: {fileID: 0}
    - target: {fileID: 113234752716882703, guid: 8187908f1cb87fb4885e168f51a6c841,
        type: 3}
      propertyPath: m_textInfo.pageCount
      value: 1
      objectReference: {fileID: 0}
    - target: {fileID: 177854578695108296, guid: 8187908f1cb87fb4885e168f51a6c841,
        type: 3}
      propertyPath: stare
      value: 
      objectReference: {fileID: 1877292188486288190}
    - target: {fileID: 177854578695108296, guid: 8187908f1cb87fb4885e168f51a6c841,
        type: 3}
      propertyPath: cam
      value: 
      objectReference: {fileID: 1131398257507365437}
    - target: {fileID: 733919341578816695, guid: 8187908f1cb87fb4885e168f51a6c841,
        type: 3}
      propertyPath: m_AnchoredPosition.y
      value: -163.29001
      objectReference: {fileID: 0}
    - target: {fileID: 1909664798557527731, guid: 8187908f1cb87fb4885e168f51a6c841,
        type: 3}
      propertyPath: m_AnchoredPosition.y
      value: 5
      objectReference: {fileID: 0}
    - target: {fileID: 2022435659403116545, guid: 8187908f1cb87fb4885e168f51a6c841,
        type: 3}
      propertyPath: health
      value: 
      objectReference: {fileID: 8355154652742398275}
    - target: {fileID: 2022435659403116545, guid: 8187908f1cb87fb4885e168f51a6c841,
        type: 3}
      propertyPath: controller
      value: 
      objectReference: {fileID: 6957082512074147987}
    - target: {fileID: 2407246239244768756, guid: 8187908f1cb87fb4885e168f51a6c841,
        type: 3}
      propertyPath: m_MatchWidthOrHeight
      value: 1
      objectReference: {fileID: 0}
    - target: {fileID: 2567702934632153753, guid: 8187908f1cb87fb4885e168f51a6c841,
        type: 3}
      propertyPath: m_RootOrder
      value: 2
      objectReference: {fileID: 0}
    - target: {fileID: 2567702934632153753, guid: 8187908f1cb87fb4885e168f51a6c841,
        type: 3}
      propertyPath: m_LocalEulerAnglesHint.x
      value: 0
      objectReference: {fileID: 0}
    - target: {fileID: 2567702934632153753, guid: 8187908f1cb87fb4885e168f51a6c841,
        type: 3}
      propertyPath: m_LocalEulerAnglesHint.y
      value: 0
      objectReference: {fileID: 0}
    - target: {fileID: 2567702934632153753, guid: 8187908f1cb87fb4885e168f51a6c841,
        type: 3}
      propertyPath: m_LocalEulerAnglesHint.z
      value: 0
      objectReference: {fileID: 0}
    - target: {fileID: 2664642342445178415, guid: 8187908f1cb87fb4885e168f51a6c841,
        type: 3}
      propertyPath: playerAudioManager
      value: 
      objectReference: {fileID: 0}
    - target: {fileID: 3128605724709333622, guid: 8187908f1cb87fb4885e168f51a6c841,
        type: 3}
      propertyPath: m_AnchoredPosition.y
      value: 0.1850586
      objectReference: {fileID: 0}
    - target: {fileID: 3272149025100700607, guid: 8187908f1cb87fb4885e168f51a6c841,
        type: 3}
      propertyPath: m_AnchoredPosition.x
      value: -441.00024
      objectReference: {fileID: 0}
    - target: {fileID: 3723354517325148006, guid: 8187908f1cb87fb4885e168f51a6c841,
        type: 3}
      propertyPath: m_AnchoredPosition.y
      value: -188.49991
      objectReference: {fileID: 0}
    - target: {fileID: 3940930303037431675, guid: 8187908f1cb87fb4885e168f51a6c841,
        type: 3}
      propertyPath: m_RootOrder
      value: 1
      objectReference: {fileID: 0}
    - target: {fileID: 4369424765407998604, guid: 8187908f1cb87fb4885e168f51a6c841,
        type: 3}
      propertyPath: m_Name
      value: PlayerUi
      objectReference: {fileID: 0}
    - target: {fileID: 4545144207120766479, guid: 8187908f1cb87fb4885e168f51a6c841,
        type: 3}
      propertyPath: m_AnchoredPosition.x
      value: 590.5
      objectReference: {fileID: 0}
    - target: {fileID: 4545144207120766479, guid: 8187908f1cb87fb4885e168f51a6c841,
        type: 3}
      propertyPath: m_AnchoredPosition.y
      value: 26.509766
      objectReference: {fileID: 0}
    - target: {fileID: 4545144207120766479, guid: 8187908f1cb87fb4885e168f51a6c841,
        type: 3}
      propertyPath: m_SizeDelta.x
      value: 1181
      objectReference: {fileID: 0}
    - target: {fileID: 4545144207307792235, guid: 8187908f1cb87fb4885e168f51a6c841,
        type: 3}
      propertyPath: m_AnchoredPosition.x
      value: 246.23843
      objectReference: {fileID: 0}
    - target: {fileID: 4545144207307792235, guid: 8187908f1cb87fb4885e168f51a6c841,
        type: 3}
      propertyPath: m_SizeDelta.x
      value: 492.47714
      objectReference: {fileID: 0}
    - target: {fileID: 4545144208001754532, guid: 8187908f1cb87fb4885e168f51a6c841,
        type: 3}
      propertyPath: m_AnchoredPosition.x
      value: -11.809998
      objectReference: {fileID: 0}
    - target: {fileID: 4545144208001754532, guid: 8187908f1cb87fb4885e168f51a6c841,
        type: 3}
      propertyPath: m_SizeDelta.x
      value: 1008.574
      objectReference: {fileID: 0}
    - target: {fileID: 4545144208001754532, guid: 8187908f1cb87fb4885e168f51a6c841,
        type: 3}
      propertyPath: m_AnchoredPosition.y
      value: 0
      objectReference: {fileID: 0}
    - target: {fileID: 4545144208200433488, guid: 8187908f1cb87fb4885e168f51a6c841,
        type: 3}
      propertyPath: m_AnchoredPosition.x
      value: 74.403015
      objectReference: {fileID: 0}
    - target: {fileID: 4545144208200433488, guid: 8187908f1cb87fb4885e168f51a6c841,
        type: 3}
      propertyPath: m_SizeDelta.x
      value: 1181
      objectReference: {fileID: 0}
    - target: {fileID: 4545144208200433488, guid: 8187908f1cb87fb4885e168f51a6c841,
        type: 3}
      propertyPath: m_AnchoredPosition.y
      value: 0
      objectReference: {fileID: 0}
    - target: {fileID: 5469058360647415014, guid: 8187908f1cb87fb4885e168f51a6c841,
        type: 3}
      propertyPath: mainCam
      value: 
      objectReference: {fileID: 1131398257507365437}
    - target: {fileID: 5469058360647415014, guid: 8187908f1cb87fb4885e168f51a6c841,
        type: 3}
      propertyPath: stare
      value: 
      objectReference: {fileID: 1877292188486288190}
    - target: {fileID: 5469058360647415014, guid: 8187908f1cb87fb4885e168f51a6c841,
        type: 3}
      propertyPath: controller
      value: 
      objectReference: {fileID: 6957082512074147987}
    - target: {fileID: 6323648902698506558, guid: 8187908f1cb87fb4885e168f51a6c841,
        type: 3}
      propertyPath: m_RootOrder
      value: 0
      objectReference: {fileID: 0}
    - target: {fileID: 7184146658080963681, guid: 8187908f1cb87fb4885e168f51a6c841,
        type: 3}
      propertyPath: m_RootOrder
      value: 2
      objectReference: {fileID: 0}
    - target: {fileID: 7184146658080963681, guid: 8187908f1cb87fb4885e168f51a6c841,
        type: 3}
      propertyPath: m_AnchoredPosition.y
      value: -458.24988
      objectReference: {fileID: 0}
    - target: {fileID: 7911680779397079681, guid: 8187908f1cb87fb4885e168f51a6c841,
        type: 3}
      propertyPath: health
      value: 
      objectReference: {fileID: 8355154652742398275}
    - target: {fileID: 8152788998902083570, guid: 8187908f1cb87fb4885e168f51a6c841,
        type: 3}
      propertyPath: m_Name
      value: Screen
      objectReference: {fileID: 0}
    - target: {fileID: 8905696245338884640, guid: 8187908f1cb87fb4885e168f51a6c841,
        type: 3}
      propertyPath: m_Name
      value: Canvas
      objectReference: {fileID: 0}
    m_RemovedComponents: []
  m_SourcePrefab: {fileID: 100100000, guid: 8187908f1cb87fb4885e168f51a6c841, type: 3}
--- !u!4 &6758568508972492220 stripped
Transform:
  m_CorrespondingSourceObject: {fileID: 2567702934632153753, guid: 8187908f1cb87fb4885e168f51a6c841,
    type: 3}
  m_PrefabInstance: {fileID: 9108832023174719269}
  m_PrefabAsset: {fileID: 0}
--- !u!114 &3858720581542007747 stripped
MonoBehaviour:
  m_CorrespondingSourceObject: {fileID: 5469058360647415014, guid: 8187908f1cb87fb4885e168f51a6c841,
    type: 3}
  m_PrefabInstance: {fileID: 9108832023174719269}
  m_PrefabAsset: {fileID: 0}
  m_GameObject: {fileID: 0}
  m_Enabled: 1
  m_EditorHideFlags: 0
  m_Script: {fileID: 11500000, guid: b7c3b5f2ff433c344ab5cf6eeaff14c1, type: 3}
  m_Name: 
  m_EditorClassIdentifier: 
--- !u!20 &7477599298078391321 stripped
Camera:
  m_CorrespondingSourceObject: {fileID: 1850089424040500028, guid: 8187908f1cb87fb4885e168f51a6c841,
    type: 3}
  m_PrefabInstance: {fileID: 9108832023174719269}
  m_PrefabAsset: {fileID: 0}
--- !u!114 &88062715455998257
MonoBehaviour:
  m_ObjectHideFlags: 0
  m_CorrespondingSourceObject: {fileID: 0}
  m_PrefabInstance: {fileID: 0}
  m_PrefabAsset: {fileID: 0}
  m_GameObject: {fileID: 0}
  m_Enabled: 1
  m_EditorHideFlags: 0
  m_Script: {fileID: 11500000, guid: 6aef08cb4b79232478a49e1414098f67, type: 3}
  m_Name: 
  m_EditorClassIdentifier: 
  switchGroupName: SWITCHES_Foleys_Surfaces
  startingSwitchName: Cobble
  switchGameObject: {fileID: 0}
--- !u!114 &495728658395491506
MonoBehaviour:
  m_ObjectHideFlags: 0
  m_CorrespondingSourceObject: {fileID: 0}
  m_PrefabInstance: {fileID: 0}
  m_PrefabAsset: {fileID: 0}
  m_GameObject: {fileID: 0}
  m_Enabled: 1
  m_EditorHideFlags: 0
  m_Script: {fileID: 11500000, guid: fbaa1f683d1836643ba73cfc80cb5e6e, type: 3}
  m_Name: 
  m_EditorClassIdentifier: 
  characterCamera: {fileID: 1131398257505758269}
  bodyUpdateRotationSpeed: 500
  controller: {fileID: 4763985100239822758}
--- !u!114 &744496757090092072
MonoBehaviour:
  m_ObjectHideFlags: 0
  m_CorrespondingSourceObject: {fileID: 0}
  m_PrefabInstance: {fileID: 0}
  m_PrefabAsset: {fileID: 0}
  m_GameObject: {fileID: 0}
  m_Enabled: 1
  m_EditorHideFlags: 0
  m_Script: {fileID: 11500000, guid: 6aef08cb4b79232478a49e1414098f67, type: 3}
  m_Name: 
  m_EditorClassIdentifier: 
  switchGroupName: SWITCHES_General_Character
  startingSwitchName: Stanislas
  switchGameObject: {fileID: 0}
--- !u!114 &2945040477800403057
MonoBehaviour:
  m_ObjectHideFlags: 0
  m_CorrespondingSourceObject: {fileID: 0}
  m_PrefabInstance: {fileID: 0}
  m_PrefabAsset: {fileID: 0}
  m_GameObject: {fileID: 0}
  m_Enabled: 1
  m_EditorHideFlags: 0
  m_Script: {fileID: 11500000, guid: 6aef08cb4b79232478a49e1414098f67, type: 3}
  m_Name: 
  m_EditorClassIdentifier: 
  switchGroupName: SWITCHES_Foleys_Surfaces
  startingSwitchName: Cobble
  switchGameObject: {fileID: 0}
--- !u!114 &3352127756265076206
MonoBehaviour:
  m_ObjectHideFlags: 0
  m_CorrespondingSourceObject: {fileID: 0}
  m_PrefabInstance: {fileID: 0}
  m_PrefabAsset: {fileID: 0}
  m_GameObject: {fileID: 0}
  m_Enabled: 1
  m_EditorHideFlags: 0
  m_Script: {fileID: 11500000, guid: a8773c123fd2548458f1fb08b7a1157b, type: 3}
  m_Name: 
  m_EditorClassIdentifier: 
  player: {fileID: 6957082512074147987}
  leftFoot: {fileID: 0}
  rightFoot: {fileID: 0}
  chest: {fileID: 0}
  characterName: 
  wwiseListener: {fileID: 1402920751461171753}
--- !u!114 &4195133105136287566
MonoBehaviour:
  m_ObjectHideFlags: 0
  m_CorrespondingSourceObject: {fileID: 0}
  m_PrefabInstance: {fileID: 0}
  m_PrefabAsset: {fileID: 0}
  m_GameObject: {fileID: 0}
  m_Enabled: 1
  m_EditorHideFlags: 0
  m_Script: {fileID: 11500000, guid: 6aef08cb4b79232478a49e1414098f67, type: 3}
  m_Name: 
  m_EditorClassIdentifier: 
  switchGroupName: SWITCHES_Foleys_Surfaces
  startingSwitchName: Cobble
  switchGameObject: {fileID: 0}
