%YAML 1.1
%TAG !u! tag:unity3d.com,2011:
--- !u!1 &6332916672362845071
GameObject:
  m_ObjectHideFlags: 0
  m_CorrespondingSourceObject: {fileID: 0}
  m_PrefabInstance: {fileID: 0}
  m_PrefabAsset: {fileID: 0}
  serializedVersion: 6
  m_Component:
  - component: {fileID: 2712419422685085600}
  - component: {fileID: 7061273927340761092}
  m_Layer: 0
  m_Name: Stare
  m_TagString: Untagged
  m_Icon: {fileID: 0}
  m_NavMeshLayer: 0
  m_StaticEditorFlags: 0
  m_IsActive: 1
--- !u!4 &2712419422685085600
Transform:
  m_ObjectHideFlags: 0
  m_CorrespondingSourceObject: {fileID: 0}
  m_PrefabInstance: {fileID: 0}
  m_PrefabAsset: {fileID: 0}
  m_GameObject: {fileID: 6332916672362845071}
  m_LocalRotation: {x: -0, y: -0, z: -0, w: 1}
  m_LocalPosition: {x: 0, y: 0, z: 0.583}
  m_LocalScale: {x: 1, y: 1, z: 1}
  m_Children: []
  m_Father: {fileID: 8376797344874139399}
  m_RootOrder: 0
  m_LocalEulerAnglesHint: {x: 0, y: 0, z: 0}
--- !u!114 &7061273927340761092
MonoBehaviour:
  m_ObjectHideFlags: 0
  m_CorrespondingSourceObject: {fileID: 0}
  m_PrefabInstance: {fileID: 0}
  m_PrefabAsset: {fileID: 0}
  m_GameObject: {fileID: 6332916672362845071}
  m_Enabled: 1
  m_EditorHideFlags: 0
  m_Script: {fileID: 11500000, guid: cc710093fd5402b4e98eaf735b2d4a59, type: 3}
  m_Name: 
  m_EditorClassIdentifier: 
  isStaring: 0
  camera: {fileID: 8376797344874631431}
  playersHitDuringThisFrame: []
  UIManager: {fileID: 5656302989393277177}
  debugRay: 0
  mask:
    serializedVersion: 2
    m_Bits: 0
  stareParams: {fileID: 11400000, guid: 507224a5eabaee349a9f4d0af17b8c88, type: 2}
--- !u!1 &8376797344874566433
GameObject:
  m_ObjectHideFlags: 0
  m_CorrespondingSourceObject: {fileID: 0}
  m_PrefabInstance: {fileID: 0}
  m_PrefabAsset: {fileID: 0}
  serializedVersion: 6
  m_Component:
  - component: {fileID: 8376797344874139397}
  - component: {fileID: 8376797346503186648}
  - component: {fileID: 576650515612521081}
  - component: {fileID: 4174492983007427740}
  - component: {fileID: 3367329114621709124}
  - component: {fileID: 4399748356799442124}
  - component: {fileID: 1981392358545812393}
  m_Layer: 0
  m_Name: Stanislas_prefab
  m_TagString: Untagged
  m_Icon: {fileID: 0}
  m_NavMeshLayer: 0
  m_StaticEditorFlags: 0
  m_IsActive: 1
--- !u!4 &8376797344874139397
Transform:
  m_ObjectHideFlags: 0
  m_CorrespondingSourceObject: {fileID: 0}
  m_PrefabInstance: {fileID: 0}
  m_PrefabAsset: {fileID: 0}
  m_GameObject: {fileID: 8376797344874566433}
  m_LocalRotation: {x: 0, y: 0.78859067, z: 0, w: 0.61491853}
  m_LocalPosition: {x: 35.47, y: -3.37, z: -21.75}
  m_LocalScale: {x: 1, y: 1, z: 1.288}
  m_Children:
  - {fileID: 7983207042700082908}
  - {fileID: 8376797344874139399}
  - {fileID: 2754116326681904774}
  m_Father: {fileID: 0}
  m_RootOrder: 0
  m_LocalEulerAnglesHint: {x: 0, y: 104.108, z: 0}
--- !u!114 &8376797346503186648
MonoBehaviour:
  m_ObjectHideFlags: 0
  m_CorrespondingSourceObject: {fileID: 0}
  m_PrefabInstance: {fileID: 0}
  m_PrefabAsset: {fileID: 0}
  m_GameObject: {fileID: 8376797344874566433}
  m_Enabled: 1
  m_EditorHideFlags: 0
  m_Script: {fileID: 11500000, guid: 62899f850307741f2a39c98a8b639597, type: 3}
  m_Name: 
  m_EditorClassIdentifier: 
  m_Actions: {fileID: -944628639613478452, guid: d713baecb863bda4980e13a260717181,
    type: 3}
  m_NotificationBehavior: 3
  m_UIInputModule: {fileID: 0}
  m_DeviceLostEvent:
    m_PersistentCalls:
      m_Calls: []
  m_DeviceRegainedEvent:
    m_PersistentCalls:
      m_Calls: []
  m_ControlsChangedEvent:
    m_PersistentCalls:
      m_Calls: []
  m_ActionEvents: []
  m_NeverAutoSwitchControlSchemes: 0
  m_DefaultControlScheme: 
  m_DefaultActionMap: Arena
  m_SplitScreenIndex: -1
  m_Camera: {fileID: 8376797344874631431}
--- !u!114 &576650515612521081
MonoBehaviour:
  m_ObjectHideFlags: 0
  m_CorrespondingSourceObject: {fileID: 0}
  m_PrefabInstance: {fileID: 0}
  m_PrefabAsset: {fileID: 0}
  m_GameObject: {fileID: 8376797344874566433}
  m_Enabled: 1
  m_EditorHideFlags: 0
  m_Script: {fileID: 11500000, guid: f84ffa7619ad02145bd1a8bb12ace295, type: 3}
  m_Name: 
  m_EditorClassIdentifier: 
  maxHealth: 100
  health: 100
  points:
  - {fileID: 6887861826939862339}
  - {fileID: 8637910430072953654}
  - {fileID: 1634898004593888238}
  - {fileID: 9083299000080793776}
  - {fileID: 8459576857370309931}
  canTakeDamage: 1
--- !u!143 &4174492983007427740
CharacterController:
  m_ObjectHideFlags: 0
  m_CorrespondingSourceObject: {fileID: 0}
  m_PrefabInstance: {fileID: 0}
  m_PrefabAsset: {fileID: 0}
  m_GameObject: {fileID: 8376797344874566433}
  m_Material: {fileID: 0}
  m_IsTrigger: 0
  m_Enabled: 1
  serializedVersion: 2
  m_Height: 2
  m_Radius: 0.3
  m_SlopeLimit: 60
  m_StepOffset: 0.51
  m_SkinWidth: 0.1
  m_MinMoveDistance: 0
  m_Center: {x: 0, y: 0, z: 0}
--- !u!54 &3367329114621709124
Rigidbody:
  m_ObjectHideFlags: 0
  m_CorrespondingSourceObject: {fileID: 0}
  m_PrefabInstance: {fileID: 0}
  m_PrefabAsset: {fileID: 0}
  m_GameObject: {fileID: 8376797344874566433}
  serializedVersion: 2
  m_Mass: 1
  m_Drag: 0
  m_AngularDrag: 0.05
  m_UseGravity: 1
  m_IsKinematic: 1
  m_Interpolate: 0
  m_Constraints: 0
  m_CollisionDetection: 0
--- !u!114 &4399748356799442124
MonoBehaviour:
  m_ObjectHideFlags: 0
  m_CorrespondingSourceObject: {fileID: 0}
  m_PrefabInstance: {fileID: 0}
  m_PrefabAsset: {fileID: 0}
  m_GameObject: {fileID: 8376797344874566433}
  m_Enabled: 1
  m_EditorHideFlags: 0
  m_Script: {fileID: 11500000, guid: 05ec5cf00ca181d45a42ba1870e148c3, type: 3}
  m_Name: 
  m_EditorClassIdentifier: 
  isCrouching: 0
  isRunning: 0
  isStaring: 0
  isOnFlatFloor: 0
  m_CharacterController: {fileID: 4174492983007427740}
  m_FovKick:
    Camera: {fileID: 0}
    originalFov: 0
    FOVIncrease: 3
    TimeToIncrease: 1
    TimeToDecrease: 1
    IncreaseCurve:
      serializedVersion: 2
      m_Curve:
      - serializedVersion: 3
        time: 0
        value: 0
        inSlope: 0
        outSlope: 0
        tangentMode: 0
        weightedMode: 0
        inWeight: 0.33333334
        outWeight: 0.33333334
      - serializedVersion: 3
        time: 1
        value: 1
        inSlope: 2
        outSlope: 2
        tangentMode: 0
        weightedMode: 0
        inWeight: 0.33333334
        outWeight: 0.33333334
      m_PreInfinity: 2
      m_PostInfinity: 2
      m_RotationOrder: 4
  m_HeadBob:
    HorizontalBobRange: 0.1
    VerticalBobRange: 0.1
    Bobcurve:
      serializedVersion: 2
      m_Curve:
      - serializedVersion: 3
        time: 0
        value: 0
        inSlope: 0
        outSlope: 0
        tangentMode: 0
        weightedMode: 0
        inWeight: 0.33333334
        outWeight: 0.33333334
      - serializedVersion: 3
        time: 0.5
        value: 1
        inSlope: 0
        outSlope: 0
        tangentMode: 0
        weightedMode: 0
        inWeight: 0.33333334
        outWeight: 0.33333334
      - serializedVersion: 3
        time: 1
        value: 0
        inSlope: 0
        outSlope: 0
        tangentMode: 0
        weightedMode: 0
        inWeight: 0.33333334
        outWeight: 0.33333334
      - serializedVersion: 3
        time: 1.5
        value: -1
        inSlope: 0
        outSlope: 0
        tangentMode: 0
        weightedMode: 0
        inWeight: 0.33333334
        outWeight: 0.33333334
      - serializedVersion: 3
        time: 2
        value: 0
        inSlope: 0
        outSlope: 0
        tangentMode: 0
        weightedMode: 0
        inWeight: 0.33333334
        outWeight: 0.33333334
      m_PreInfinity: 2
      m_PostInfinity: 2
      m_RotationOrder: 4
    VerticaltoHorizontalRatio: 2
  m_JumpBob:
    BobDuration: 0.2
    BobAmount: 0.1
  settings: {fileID: 11400000, guid: 717663e16327e1f4690db5ae7b8bc925, type: 2}
  animator: {fileID: 3148218780247847928}
  feet: {fileID: 3623721367168482909}
  minRayToGround: 3
  maxDistanceToCheck: 0.5
  hitNormal: {x: 0, y: 0, z: 0}
  sphereCastLayerMask:
    serializedVersion: 2
    m_Bits: 4294967295
  _velocity: {x: 0, y: 0, z: 0}
--- !u!114 &1981392358545812393
MonoBehaviour:
  m_ObjectHideFlags: 0
  m_CorrespondingSourceObject: {fileID: 0}
  m_PrefabInstance: {fileID: 0}
  m_PrefabAsset: {fileID: 0}
  m_GameObject: {fileID: 8376797344874566433}
  m_Enabled: 1
  m_EditorHideFlags: 0
  m_Script: {fileID: 11500000, guid: 8697fee92cfe4c441803b3d6843ce752, type: 3}
  m_Name: 
  m_EditorClassIdentifier: 
  controller: {fileID: 4399748356799442124}
  cameraMovement: {fileID: 6242131026529348086}
  stareHandler: {fileID: 7061273927340761092}
  health: {fileID: 576650515612521081}
  collisionParent: {fileID: 0}
--- !u!1 &8376797344874566435
GameObject:
  m_ObjectHideFlags: 0
  m_CorrespondingSourceObject: {fileID: 0}
  m_PrefabInstance: {fileID: 0}
  m_PrefabAsset: {fileID: 0}
  serializedVersion: 6
  m_Component:
  - component: {fileID: 8376797344874139399}
  - component: {fileID: 8376797344874631431}
  - component: {fileID: 8376797344877055271}
  - component: {fileID: 8376797344864389967}
  - component: {fileID: 8376797345855511319}
  - component: {fileID: 6242131026529348086}
  - component: {fileID: 7533388067262357779}
  m_Layer: 0
  m_Name: PlayerCamera
  m_TagString: Untagged
  m_Icon: {fileID: 0}
  m_NavMeshLayer: 0
  m_StaticEditorFlags: 0
  m_IsActive: 1
--- !u!4 &8376797344874139399
Transform:
  m_ObjectHideFlags: 0
  m_CorrespondingSourceObject: {fileID: 0}
  m_PrefabInstance: {fileID: 0}
  m_PrefabAsset: {fileID: 0}
  m_GameObject: {fileID: 8376797344874566435}
  m_LocalRotation: {x: 0, y: 0, z: 0, w: 1}
  m_LocalPosition: {x: 0, y: 0.747, z: 0.028}
  m_LocalScale: {x: 1, y: 1, z: 1}
  m_Children:
  - {fileID: 2712419422685085600}
  m_Father: {fileID: 8376797344874139397}
  m_RootOrder: 1
  m_LocalEulerAnglesHint: {x: 0, y: 0, z: 0}
--- !u!20 &8376797344874631431
Camera:
  m_ObjectHideFlags: 0
  m_CorrespondingSourceObject: {fileID: 0}
  m_PrefabInstance: {fileID: 0}
  m_PrefabAsset: {fileID: 0}
  m_GameObject: {fileID: 8376797344874566435}
  m_Enabled: 1
  serializedVersion: 2
  m_ClearFlags: 1
  m_BackGroundColor: {r: 0.19215687, g: 0.3019608, b: 0.4745098, a: 0.019607844}
  m_projectionMatrixMode: 1
  m_GateFitMode: 2
  m_FOVAxisMode: 0
  m_SensorSize: {x: 36, y: 24}
  m_LensShift: {x: 0, y: 0}
  m_FocalLength: 50
  m_NormalizedViewPortRect:
    serializedVersion: 2
    x: 0
    y: 0
    width: 0.5
    height: 0.5
  near clip plane: 0.1
  far clip plane: 500
  field of view: 60
  orthographic: 0
  orthographic size: 5
  m_Depth: 0
  m_CullingMask:
    serializedVersion: 2
    m_Bits: 4294967295
  m_RenderingPath: -1
  m_TargetTexture: {fileID: 0}
  m_TargetDisplay: 0
  m_TargetEye: 3
  m_HDR: 1
  m_AllowMSAA: 1
  m_AllowDynamicResolution: 0
  m_ForceIntoRT: 0
  m_OcclusionCulling: 1
  m_StereoConvergence: 10
  m_StereoSeparation: 0.022
--- !u!81 &8376797344877055271
AudioListener:
  m_ObjectHideFlags: 0
  m_CorrespondingSourceObject: {fileID: 0}
  m_PrefabInstance: {fileID: 0}
  m_PrefabAsset: {fileID: 0}
  m_GameObject: {fileID: 8376797344874566435}
  m_Enabled: 1
--- !u!124 &8376797344864389967
Behaviour:
  m_ObjectHideFlags: 0
  m_CorrespondingSourceObject: {fileID: 0}
  m_PrefabInstance: {fileID: 0}
  m_PrefabAsset: {fileID: 0}
  m_GameObject: {fileID: 8376797344874566435}
  m_Enabled: 1
--- !u!114 &8376797345855511319
MonoBehaviour:
  m_ObjectHideFlags: 0
  m_CorrespondingSourceObject: {fileID: 0}
  m_PrefabInstance: {fileID: 0}
  m_PrefabAsset: {fileID: 0}
  m_GameObject: {fileID: 8376797344874566435}
  m_Enabled: 1
  m_EditorHideFlags: 0
  m_Script: {fileID: 11500000, guid: a79441f348de89743a2939f4d699eac1, type: 3}
  m_Name: 
  m_EditorClassIdentifier: 
  m_RenderShadows: 1
  m_RequiresDepthTextureOption: 2
  m_RequiresOpaqueTextureOption: 2
  m_CameraType: 0
  m_Cameras:
  - {fileID: 2032830443478638371}
  m_RendererIndex: -1
  m_VolumeLayerMask:
    serializedVersion: 2
    m_Bits: 1
  m_VolumeTrigger: {fileID: 0}
  m_RenderPostProcessing: 1
  m_Antialiasing: 0
  m_AntialiasingQuality: 2
  m_StopNaN: 0
  m_Dithering: 0
  m_ClearDepth: 1
  m_RequiresDepthTexture: 0
  m_RequiresColorTexture: 0
  m_Version: 2
--- !u!114 &6242131026529348086
MonoBehaviour:
  m_ObjectHideFlags: 0
  m_CorrespondingSourceObject: {fileID: 0}
  m_PrefabInstance: {fileID: 0}
  m_PrefabAsset: {fileID: 0}
  m_GameObject: {fileID: 8376797344874566435}
  m_Enabled: 1
  m_EditorHideFlags: 0
  m_Script: {fileID: 11500000, guid: fd9558e2e2f7462783783a4a2e9904a0, type: 3}
  m_Name: 
  m_EditorClassIdentifier: 
  settings: {fileID: 11400000, guid: fe0f03977ea85bd45994262e06dc473a, type: 2}
  camParent: {fileID: 8376797344874566433}
  _sensitivity: {x: 0, y: 0}
--- !u!114 &7533388067262357779
MonoBehaviour:
  m_ObjectHideFlags: 0
  m_CorrespondingSourceObject: {fileID: 0}
  m_PrefabInstance: {fileID: 0}
  m_PrefabAsset: {fileID: 0}
  m_GameObject: {fileID: 8376797344874566435}
  m_Enabled: 1
  m_EditorHideFlags: 0
  m_Script: {fileID: 11500000, guid: d392c9c5627d6da4fa83d5be1f49a4d4, type: 3}
  m_Name: 
  m_EditorClassIdentifier: 
  VolumesOffset:
  - 0
  - 0
--- !u!1001 &403852836858807327
PrefabInstance:
  m_ObjectHideFlags: 0
  serializedVersion: 2
  m_Modification:
    m_TransformParent: {fileID: 8376797344874139397}
    m_Modifications:
    - target: {fileID: 177854578695108296, guid: 8187908f1cb87fb4885e168f51a6c841,
        type: 3}
      propertyPath: stare
      value: 
      objectReference: {fileID: 7061273927340761092}
    - target: {fileID: 177854578695108296, guid: 8187908f1cb87fb4885e168f51a6c841,
        type: 3}
      propertyPath: cam
      value: 
      objectReference: {fileID: 8376797344874631431}
    - target: {fileID: 733919341578816695, guid: 8187908f1cb87fb4885e168f51a6c841,
        type: 3}
      propertyPath: m_AnchoredPosition.y
      value: -163.28958
      objectReference: {fileID: 0}
    - target: {fileID: 1817437114035533290, guid: 8187908f1cb87fb4885e168f51a6c841,
        type: 3}
      propertyPath: m_AnchoredPosition.x
      value: 519
      objectReference: {fileID: 0}
    - target: {fileID: 1817437114035533290, guid: 8187908f1cb87fb4885e168f51a6c841,
        type: 3}
      propertyPath: m_AnchoredPosition.y
      value: -50.149902
      objectReference: {fileID: 0}
    - target: {fileID: 1909664798557527731, guid: 8187908f1cb87fb4885e168f51a6c841,
        type: 3}
      propertyPath: m_AnchoredPosition.y
      value: 5
      objectReference: {fileID: 0}
    - target: {fileID: 2022435659403116545, guid: 8187908f1cb87fb4885e168f51a6c841,
        type: 3}
      propertyPath: health
      value: 
      objectReference: {fileID: 576650515612521081}
    - target: {fileID: 2022435659403116545, guid: 8187908f1cb87fb4885e168f51a6c841,
        type: 3}
      propertyPath: controller
      value: 
      objectReference: {fileID: 1981392358545812393}
    - target: {fileID: 2357981060989792379, guid: 8187908f1cb87fb4885e168f51a6c841,
        type: 3}
      propertyPath: m_AnchoredPosition.y
      value: -50.149902
      objectReference: {fileID: 0}
    - target: {fileID: 2407246239244768756, guid: 8187908f1cb87fb4885e168f51a6c841,
        type: 3}
      propertyPath: m_MatchWidthOrHeight
      value: 1
      objectReference: {fileID: 0}
    - target: {fileID: 2567702934632153753, guid: 8187908f1cb87fb4885e168f51a6c841,
        type: 3}
      propertyPath: m_LocalPosition.x
      value: 0
      objectReference: {fileID: 0}
    - target: {fileID: 2567702934632153753, guid: 8187908f1cb87fb4885e168f51a6c841,
        type: 3}
      propertyPath: m_LocalPosition.y
      value: 0
      objectReference: {fileID: 0}
    - target: {fileID: 2567702934632153753, guid: 8187908f1cb87fb4885e168f51a6c841,
        type: 3}
      propertyPath: m_LocalPosition.z
      value: 0
      objectReference: {fileID: 0}
    - target: {fileID: 2567702934632153753, guid: 8187908f1cb87fb4885e168f51a6c841,
        type: 3}
      propertyPath: m_LocalRotation.x
      value: 0
      objectReference: {fileID: 0}
    - target: {fileID: 2567702934632153753, guid: 8187908f1cb87fb4885e168f51a6c841,
        type: 3}
      propertyPath: m_LocalRotation.y
      value: 0
      objectReference: {fileID: 0}
    - target: {fileID: 2567702934632153753, guid: 8187908f1cb87fb4885e168f51a6c841,
        type: 3}
      propertyPath: m_LocalRotation.z
      value: 0
      objectReference: {fileID: 0}
    - target: {fileID: 2567702934632153753, guid: 8187908f1cb87fb4885e168f51a6c841,
        type: 3}
      propertyPath: m_LocalRotation.w
      value: 1
      objectReference: {fileID: 0}
    - target: {fileID: 2567702934632153753, guid: 8187908f1cb87fb4885e168f51a6c841,
        type: 3}
      propertyPath: m_RootOrder
      value: 2
      objectReference: {fileID: 0}
    - target: {fileID: 2567702934632153753, guid: 8187908f1cb87fb4885e168f51a6c841,
        type: 3}
      propertyPath: m_LocalEulerAnglesHint.x
      value: 0
      objectReference: {fileID: 0}
    - target: {fileID: 2567702934632153753, guid: 8187908f1cb87fb4885e168f51a6c841,
        type: 3}
      propertyPath: m_LocalEulerAnglesHint.y
      value: 0
      objectReference: {fileID: 0}
    - target: {fileID: 2567702934632153753, guid: 8187908f1cb87fb4885e168f51a6c841,
        type: 3}
      propertyPath: m_LocalEulerAnglesHint.z
      value: 0
      objectReference: {fileID: 0}
    - target: {fileID: 2664642342445178415, guid: 8187908f1cb87fb4885e168f51a6c841,
        type: 3}
      propertyPath: playerAudioManager
      value: 
      objectReference: {fileID: 8083576918330887750, guid: dfc5cc125b7b3b441973a864a0fef39d,
        type: 3}
    - target: {fileID: 3128605724709333622, guid: 8187908f1cb87fb4885e168f51a6c841,
        type: 3}
      propertyPath: m_AnchoredPosition.y
      value: 0.1850586
      objectReference: {fileID: 0}
    - target: {fileID: 3272149025100700607, guid: 8187908f1cb87fb4885e168f51a6c841,
        type: 3}
      propertyPath: m_AnchoredPosition.x
      value: -440.9999
      objectReference: {fileID: 0}
    - target: {fileID: 3272149025100700607, guid: 8187908f1cb87fb4885e168f51a6c841,
        type: 3}
      propertyPath: m_AnchoredPosition.y
      value: 50.149902
      objectReference: {fileID: 0}
    - target: {fileID: 3723354517325148006, guid: 8187908f1cb87fb4885e168f51a6c841,
        type: 3}
      propertyPath: m_AnchoredPosition.y
      value: -188.49954
      objectReference: {fileID: 0}
    - target: {fileID: 3723354517325148006, guid: 8187908f1cb87fb4885e168f51a6c841,
        type: 3}
      propertyPath: m_AnchoredPosition.x
      value: -50
      objectReference: {fileID: 0}
    - target: {fileID: 3940930303037431675, guid: 8187908f1cb87fb4885e168f51a6c841,
        type: 3}
      propertyPath: m_RootOrder
      value: 1
      objectReference: {fileID: 0}
    - target: {fileID: 3940930303037431675, guid: 8187908f1cb87fb4885e168f51a6c841,
        type: 3}
      propertyPath: m_AnchoredPosition.y
      value: 0
      objectReference: {fileID: 0}
    - target: {fileID: 4369424765407998604, guid: 8187908f1cb87fb4885e168f51a6c841,
        type: 3}
      propertyPath: m_Name
      value: PlayerUi
      objectReference: {fileID: 0}
    - target: {fileID: 4545144207120766479, guid: 8187908f1cb87fb4885e168f51a6c841,
        type: 3}
      propertyPath: m_AnchoredPosition.x
      value: 590.5
      objectReference: {fileID: 0}
    - target: {fileID: 4545144207120766479, guid: 8187908f1cb87fb4885e168f51a6c841,
        type: 3}
      propertyPath: m_SizeDelta.x
      value: 1181
      objectReference: {fileID: 0}
    - target: {fileID: 4545144207120766479, guid: 8187908f1cb87fb4885e168f51a6c841,
        type: 3}
      propertyPath: m_AnchoredPosition.y
      value: 26.509766
      objectReference: {fileID: 0}
    - target: {fileID: 4545144207307792235, guid: 8187908f1cb87fb4885e168f51a6c841,
        type: 3}
      propertyPath: m_AnchoredPosition.x
      value: 246.2385
      objectReference: {fileID: 0}
    - target: {fileID: 4545144207307792235, guid: 8187908f1cb87fb4885e168f51a6c841,
        type: 3}
      propertyPath: m_SizeDelta.x
      value: 492.47705
      objectReference: {fileID: 0}
    - target: {fileID: 4545144208001754532, guid: 8187908f1cb87fb4885e168f51a6c841,
        type: 3}
      propertyPath: m_AnchoredPosition.x
      value: -11.809998
      objectReference: {fileID: 0}
    - target: {fileID: 4545144208001754532, guid: 8187908f1cb87fb4885e168f51a6c841,
        type: 3}
      propertyPath: m_SizeDelta.x
      value: 1008.574
      objectReference: {fileID: 0}
    - target: {fileID: 4545144208001754532, guid: 8187908f1cb87fb4885e168f51a6c841,
        type: 3}
      propertyPath: m_AnchoredPosition.y
      value: 0
      objectReference: {fileID: 0}
    - target: {fileID: 4545144208200433488, guid: 8187908f1cb87fb4885e168f51a6c841,
        type: 3}
      propertyPath: m_AnchoredPosition.x
      value: 74.403015
      objectReference: {fileID: 0}
    - target: {fileID: 4545144208200433488, guid: 8187908f1cb87fb4885e168f51a6c841,
        type: 3}
      propertyPath: m_SizeDelta.x
      value: 1181
      objectReference: {fileID: 0}
    - target: {fileID: 4545144208200433488, guid: 8187908f1cb87fb4885e168f51a6c841,
        type: 3}
      propertyPath: m_AnchoredPosition.y
      value: 0
      objectReference: {fileID: 0}
    - target: {fileID: 5469058360647415014, guid: 8187908f1cb87fb4885e168f51a6c841,
        type: 3}
      propertyPath: mainCam
      value: 
      objectReference: {fileID: 1131398257507365437, guid: dfc5cc125b7b3b441973a864a0fef39d,
        type: 3}
    - target: {fileID: 5469058360647415014, guid: 8187908f1cb87fb4885e168f51a6c841,
        type: 3}
      propertyPath: stare
      value: 
      objectReference: {fileID: 7061273927340761092}
    - target: {fileID: 5469058360647415014, guid: 8187908f1cb87fb4885e168f51a6c841,
        type: 3}
      propertyPath: controller
      value: 
      objectReference: {fileID: 1981392358545812393}
    - target: {fileID: 6202348832681381805, guid: 8187908f1cb87fb4885e168f51a6c841,
        type: 3}
      propertyPath: m_AnchoredPosition.y
      value: 50.649902
      objectReference: {fileID: 0}
    - target: {fileID: 6323648902698506558, guid: 8187908f1cb87fb4885e168f51a6c841,
        type: 3}
      propertyPath: m_RootOrder
      value: 0
      objectReference: {fileID: 0}
    - target: {fileID: 7184146658080963681, guid: 8187908f1cb87fb4885e168f51a6c841,
        type: 3}
      propertyPath: m_RootOrder
      value: 2
      objectReference: {fileID: 0}
    - target: {fileID: 7184146658080963681, guid: 8187908f1cb87fb4885e168f51a6c841,
        type: 3}
      propertyPath: m_AnchoredPosition.y
      value: -458.24988
      objectReference: {fileID: 0}
    - target: {fileID: 7911680779397079681, guid: 8187908f1cb87fb4885e168f51a6c841,
        type: 3}
      propertyPath: health
      value: 
      objectReference: {fileID: 576650515612521081}
    - target: {fileID: 8134244479987094213, guid: 8187908f1cb87fb4885e168f51a6c841,
        type: 3}
      propertyPath: m_AnchoredPosition.x
      value: -50
      objectReference: {fileID: 0}
    - target: {fileID: 8134244479987094213, guid: 8187908f1cb87fb4885e168f51a6c841,
        type: 3}
      propertyPath: m_AnchoredPosition.y
      value: 188.6499
      objectReference: {fileID: 0}
    - target: {fileID: 8152788998902083570, guid: 8187908f1cb87fb4885e168f51a6c841,
        type: 3}
      propertyPath: m_Name
      value: Screen
      objectReference: {fileID: 0}
    - target: {fileID: 8905696245338884640, guid: 8187908f1cb87fb4885e168f51a6c841,
        type: 3}
      propertyPath: m_Name
      value: Canvas
      objectReference: {fileID: 0}
    m_RemovedComponents: []
  m_SourcePrefab: {fileID: 100100000, guid: 8187908f1cb87fb4885e168f51a6c841, type: 3}
--- !u!4 &2754116326681904774 stripped
Transform:
  m_CorrespondingSourceObject: {fileID: 2567702934632153753, guid: 8187908f1cb87fb4885e168f51a6c841,
    type: 3}
  m_PrefabInstance: {fileID: 403852836858807327}
  m_PrefabAsset: {fileID: 0}
--- !u!114 &5656302989393277177 stripped
MonoBehaviour:
  m_CorrespondingSourceObject: {fileID: 5469058360647415014, guid: 8187908f1cb87fb4885e168f51a6c841,
    type: 3}
  m_PrefabInstance: {fileID: 403852836858807327}
  m_PrefabAsset: {fileID: 0}
  m_GameObject: {fileID: 0}
  m_Enabled: 1
  m_EditorHideFlags: 0
  m_Script: {fileID: 11500000, guid: b7c3b5f2ff433c344ab5cf6eeaff14c1, type: 3}
  m_Name: 
  m_EditorClassIdentifier: 
--- !u!20 &2032830443478638371 stripped
Camera:
  m_CorrespondingSourceObject: {fileID: 1850089424040500028, guid: 8187908f1cb87fb4885e168f51a6c841,
    type: 3}
  m_PrefabInstance: {fileID: 403852836858807327}
  m_PrefabAsset: {fileID: 0}
--- !u!1001 &3970889068551296187
PrefabInstance:
  m_ObjectHideFlags: 0
  serializedVersion: 2
  m_Modification:
    m_TransformParent: {fileID: 8376797344874139397}
    m_Modifications:
    - target: {fileID: 1452936683, guid: d92fad4b7e37e8b46b7b26ad8d5ae1d4, type: 3}
      propertyPath: m_Enabled
      value: 1
      objectReference: {fileID: 0}
    - target: {fileID: 1452936683, guid: d92fad4b7e37e8b46b7b26ad8d5ae1d4, type: 3}
      propertyPath: controller
      value: 
      objectReference: {fileID: 4174492983007427740}
    - target: {fileID: 1452936683, guid: d92fad4b7e37e8b46b7b26ad8d5ae1d4, type: 3}
      propertyPath: characterCamera
      value: 
      objectReference: {fileID: 8376797344874139399}
    - target: {fileID: 750436149951450349, guid: d92fad4b7e37e8b46b7b26ad8d5ae1d4,
        type: 3}
      propertyPath: stare
      value: 
      objectReference: {fileID: 7061273927340761092}
    - target: {fileID: 750436149951450349, guid: d92fad4b7e37e8b46b7b26ad8d5ae1d4,
        type: 3}
      propertyPath: fpc
      value: 
      objectReference: {fileID: 4399748356799442124}
    - target: {fileID: 2426100457163923285, guid: d92fad4b7e37e8b46b7b26ad8d5ae1d4,
        type: 3}
      propertyPath: healthManager
      value: 
      objectReference: {fileID: 576650515612521081}
    - target: {fileID: 2426100457163923285, guid: d92fad4b7e37e8b46b7b26ad8d5ae1d4,
        type: 3}
      propertyPath: rigidBody
      value: 
      objectReference: {fileID: 3367329114621709124}
    - target: {fileID: 4379214644093090247, guid: d92fad4b7e37e8b46b7b26ad8d5ae1d4,
        type: 3}
      propertyPath: player
      value: 
      objectReference: {fileID: 1981392358545812393}
    - target: {fileID: 4379214644093090247, guid: d92fad4b7e37e8b46b7b26ad8d5ae1d4,
        type: 3}
      propertyPath: wwiseListener
      value: 
      objectReference: {fileID: 7533388067262357779}
    - target: {fileID: 4682454250252963725, guid: d92fad4b7e37e8b46b7b26ad8d5ae1d4,
        type: 3}
      propertyPath: healthManager
      value: 
      objectReference: {fileID: 576650515612521081}
    - target: {fileID: 4682454250252963725, guid: d92fad4b7e37e8b46b7b26ad8d5ae1d4,
        type: 3}
      propertyPath: rigidBody
      value: 
      objectReference: {fileID: 3367329114621709124}
    - target: {fileID: 4791015012151288208, guid: d92fad4b7e37e8b46b7b26ad8d5ae1d4,
        type: 3}
      propertyPath: healthManager
      value: 
      objectReference: {fileID: 576650515612521081}
    - target: {fileID: 4791015012151288208, guid: d92fad4b7e37e8b46b7b26ad8d5ae1d4,
        type: 3}
      propertyPath: rigidBody
      value: 
      objectReference: {fileID: 3367329114621709124}
    - target: {fileID: 5266171143873713163, guid: d92fad4b7e37e8b46b7b26ad8d5ae1d4,
        type: 3}
      propertyPath: healthManager
      value: 
      objectReference: {fileID: 576650515612521081}
    - target: {fileID: 5266171143873713163, guid: d92fad4b7e37e8b46b7b26ad8d5ae1d4,
        type: 3}
      propertyPath: rigidBody
      value: 
      objectReference: {fileID: 3367329114621709124}
    - target: {fileID: 6472061975834896999, guid: d92fad4b7e37e8b46b7b26ad8d5ae1d4,
        type: 3}
      propertyPath: m_LocalPosition.x
      value: 0
      objectReference: {fileID: 0}
    - target: {fileID: 6472061975834896999, guid: d92fad4b7e37e8b46b7b26ad8d5ae1d4,
        type: 3}
      propertyPath: m_LocalPosition.y
      value: -1.059
      objectReference: {fileID: 0}
    - target: {fileID: 6472061975834896999, guid: d92fad4b7e37e8b46b7b26ad8d5ae1d4,
        type: 3}
      propertyPath: m_LocalPosition.z
      value: 0
      objectReference: {fileID: 0}
    - target: {fileID: 6472061975834896999, guid: d92fad4b7e37e8b46b7b26ad8d5ae1d4,
        type: 3}
      propertyPath: m_LocalRotation.x
      value: 0
      objectReference: {fileID: 0}
    - target: {fileID: 6472061975834896999, guid: d92fad4b7e37e8b46b7b26ad8d5ae1d4,
        type: 3}
      propertyPath: m_LocalRotation.y
      value: 0
      objectReference: {fileID: 0}
    - target: {fileID: 6472061975834896999, guid: d92fad4b7e37e8b46b7b26ad8d5ae1d4,
        type: 3}
      propertyPath: m_LocalRotation.z
      value: 0
      objectReference: {fileID: 0}
    - target: {fileID: 6472061975834896999, guid: d92fad4b7e37e8b46b7b26ad8d5ae1d4,
        type: 3}
      propertyPath: m_LocalRotation.w
      value: 1
      objectReference: {fileID: 0}
    - target: {fileID: 6472061975834896999, guid: d92fad4b7e37e8b46b7b26ad8d5ae1d4,
        type: 3}
      propertyPath: m_RootOrder
      value: 0
      objectReference: {fileID: 0}
    - target: {fileID: 6472061975834896999, guid: d92fad4b7e37e8b46b7b26ad8d5ae1d4,
        type: 3}
      propertyPath: m_LocalEulerAnglesHint.x
      value: 0
      objectReference: {fileID: 0}
    - target: {fileID: 6472061975834896999, guid: d92fad4b7e37e8b46b7b26ad8d5ae1d4,
        type: 3}
      propertyPath: m_LocalEulerAnglesHint.y
      value: 0
      objectReference: {fileID: 0}
    - target: {fileID: 6472061975834896999, guid: d92fad4b7e37e8b46b7b26ad8d5ae1d4,
        type: 3}
      propertyPath: m_LocalEulerAnglesHint.z
      value: 0
      objectReference: {fileID: 0}
    - target: {fileID: 7533949636608944632, guid: d92fad4b7e37e8b46b7b26ad8d5ae1d4,
        type: 3}
      propertyPath: healthManager
      value: 
      objectReference: {fileID: 576650515612521081}
    - target: {fileID: 7533949636608944632, guid: d92fad4b7e37e8b46b7b26ad8d5ae1d4,
        type: 3}
      propertyPath: rigidBody
      value: 
      objectReference: {fileID: 3367329114621709124}
    - target: {fileID: 8037302230046824564, guid: d92fad4b7e37e8b46b7b26ad8d5ae1d4,
        type: 3}
      propertyPath: m_Name
      value: STANISLAS+Animator
      objectReference: {fileID: 0}
    m_RemovedComponents: []
  m_SourcePrefab: {fileID: 100100000, guid: d92fad4b7e37e8b46b7b26ad8d5ae1d4, type: 3}
--- !u!4 &7983207042700082908 stripped
Transform:
  m_CorrespondingSourceObject: {fileID: 6472061975834896999, guid: d92fad4b7e37e8b46b7b26ad8d5ae1d4,
    type: 3}
  m_PrefabInstance: {fileID: 3970889068551296187}
  m_PrefabAsset: {fileID: 0}
--- !u!95 &3148218780247847928 stripped
Animator:
  m_CorrespondingSourceObject: {fileID: 2065981099872986947, guid: d92fad4b7e37e8b46b7b26ad8d5ae1d4,
    type: 3}
  m_PrefabInstance: {fileID: 3970889068551296187}
  m_PrefabAsset: {fileID: 0}
--- !u!114 &8459576857370309931 stripped
MonoBehaviour:
  m_CorrespondingSourceObject: {fileID: 4791015012151288208, guid: d92fad4b7e37e8b46b7b26ad8d5ae1d4,
    type: 3}
  m_PrefabInstance: {fileID: 3970889068551296187}
  m_PrefabAsset: {fileID: 0}
  m_GameObject: {fileID: 0}
  m_Enabled: 1
  m_EditorHideFlags: 0
  m_Script: {fileID: 11500000, guid: 8c7c0e2c243f4084bcf0749ac23cff34, type: 3}
  m_Name: 
  m_EditorClassIdentifier: 
--- !u!1 &3623721367168482909 stripped
GameObject:
  m_CorrespondingSourceObject: {fileID: 383199541453302502, guid: d92fad4b7e37e8b46b7b26ad8d5ae1d4,
    type: 3}
  m_PrefabInstance: {fileID: 3970889068551296187}
  m_PrefabAsset: {fileID: 0}
--- !u!114 &9083299000080793776 stripped
MonoBehaviour:
  m_CorrespondingSourceObject: {fileID: 5266171143873713163, guid: d92fad4b7e37e8b46b7b26ad8d5ae1d4,
    type: 3}
  m_PrefabInstance: {fileID: 3970889068551296187}
  m_PrefabAsset: {fileID: 0}
  m_GameObject: {fileID: 0}
  m_Enabled: 1
  m_EditorHideFlags: 0
  m_Script: {fileID: 11500000, guid: 8c7c0e2c243f4084bcf0749ac23cff34, type: 3}
  m_Name: 
  m_EditorClassIdentifier: 
--- !u!114 &8637910430072953654 stripped
MonoBehaviour:
  m_CorrespondingSourceObject: {fileID: 4682454250252963725, guid: d92fad4b7e37e8b46b7b26ad8d5ae1d4,
    type: 3}
  m_PrefabInstance: {fileID: 3970889068551296187}
  m_PrefabAsset: {fileID: 0}
  m_GameObject: {fileID: 0}
  m_Enabled: 1
  m_EditorHideFlags: 0
  m_Script: {fileID: 11500000, guid: 8c7c0e2c243f4084bcf0749ac23cff34, type: 3}
  m_Name: 
  m_EditorClassIdentifier: 
--- !u!114 &1634898004593888238 stripped
MonoBehaviour:
  m_CorrespondingSourceObject: {fileID: 2426100457163923285, guid: d92fad4b7e37e8b46b7b26ad8d5ae1d4,
    type: 3}
  m_PrefabInstance: {fileID: 3970889068551296187}
  m_PrefabAsset: {fileID: 0}
  m_GameObject: {fileID: 0}
  m_Enabled: 1
  m_EditorHideFlags: 0
  m_Script: {fileID: 11500000, guid: 8c7c0e2c243f4084bcf0749ac23cff34, type: 3}
  m_Name: 
  m_EditorClassIdentifier: 
--- !u!114 &6887861826939862339 stripped
MonoBehaviour:
  m_CorrespondingSourceObject: {fileID: 7533949636608944632, guid: d92fad4b7e37e8b46b7b26ad8d5ae1d4,
    type: 3}
  m_PrefabInstance: {fileID: 3970889068551296187}
  m_PrefabAsset: {fileID: 0}
  m_GameObject: {fileID: 0}
  m_Enabled: 1
  m_EditorHideFlags: 0
  m_Script: {fileID: 11500000, guid: 8c7c0e2c243f4084bcf0749ac23cff34, type: 3}
  m_Name: 
  m_EditorClassIdentifier: 
